trade_id,side,volume,price,timestamp
995534153,sell,1.7e-05,68543.48,2026-04-07 17:35:58.949981+0000
995534154,sell,0.00029199,68545.8,2026-04-07 17:35:58.960307+0000
995534155,sell,1.7e-05,68546.82,2026-04-07 17:35:58.960307+0000
995534158,sell,2.3e-07,68547.71,2026-04-07 17:35:58.975019+0000
995534156,sell,2.3e-07,68547.69,2026-04-07 17:35:58.975019+0000
995534157,sell,2.3e-07,68547.7,2026-04-07 17:35:58.975019+0000
995534159,buy,8e-08,68548.9,2026-04-07 17:35:59.275185+0000
995534160,buy,5e-08,68548.95,2026-04-07 17:35:59.703282+0000
995534161,buy,4e-08,68548.96,2026-04-07 17:36:00.190329+0000
995534163,buy,0.001511,68548.87,2026-04-07 17:36:00.297616+0000
995534162,buy,0.03048035,68548.96,2026-04-07 17:36:00.297616+0000
995534164,sell,1e-07,68544.12,2026-04-07 17:36:00.466755+0000
995534165,buy,0.001512,68544.11,2026-04-07 17:36:00.679040+0000
995534166,buy,0.0102124,68541.71,2026-04-07 17:36:00.681524+0000
995534167,buy,5e-08,68540.14,2026-04-07 17:36:00.690742+0000
995534168,sell,0.00014084,68540.15,2026-04-07 17:36:00.962706+0000
995534169,buy,1.695e-05,68540.14,2026-04-07 17:36:01.077836+0000
995534170,buy,0.00027481,68540.14,2026-04-07 17:36:01.077836+0000
995534171,buy,3e-08,68540.14,2026-04-07 17:36:01.137640+0000
995534172,buy,0.001512,68538.6,2026-04-07 17:36:01.226966+0000
995534173,buy,0.00043775,68538.04,2026-04-07 17:36:01.226966+0000
995534174,buy,3.516e-05,68538.03,2026-04-07 17:36:01.226966+0000
995534175,buy,0.00584053,68536.81,2026-04-07 17:36:01.572262+0000
995534176,buy,9e-08,68536.81,2026-04-07 17:36:01.593436+0000
995534177,sell,0.00058129,68536.82,2026-04-07 17:36:01.636843+0000
995534178,buy,7e-08,68536.81,2026-04-07 17:36:02.024491+0000
995534180,buy,1.7e-05,68536.8,2026-04-07 17:36:02.025997+0000
995534179,buy,0.00151193,68536.81,2026-04-07 17:36:02.025997+0000
995534181,buy,1.7e-05,68533.46,2026-04-07 17:36:02.026422+0000
995534182,buy,0.000693,68532.11,2026-04-07 17:36:02.026422+0000
995534183,buy,0.00071,68532.11,2026-04-07 17:36:02.026544+0000
995534184,buy,0.00071,68532.11,2026-04-07 17:36:02.026636+0000
995534185,buy,0.01065346,68532.11,2026-04-07 17:36:02.026664+0000
995534186,buy,1.7e-05,68530.12,2026-04-07 17:36:02.026870+0000
995534187,buy,0.000693,68530.04,2026-04-07 17:36:02.026870+0000
995534195,buy,0.0977604,68524.44,2026-04-07 17:36:02.027349+0000
995534194,buy,0.01,68525.0,2026-04-07 17:36:02.027349+0000
995534193,buy,1.7e-05,68526.78,2026-04-07 17:36:02.027349+0000
995534189,buy,0.01,68530.0,2026-04-07 17:36:02.027349+0000
995534191,buy,0.04377764,68528.12,2026-04-07 17:36:02.027349+0000
995534190,buy,0.00388,68528.82,2026-04-07 17:36:02.027349+0000
995534188,buy,0.007067,68530.04,2026-04-07 17:36:02.027349+0000
995534192,buy,0.0178736,68527.09,2026-04-07 17:36:02.027349+0000
995534204,buy,0.02553292,68523.11,2026-04-07 17:36:02.027797+0000
995534203,buy,1.7e-05,68523.44,2026-04-07 17:36:02.027797+0000
995534202,buy,0.1312,68523.72,2026-04-07 17:36:02.027797+0000
995534201,buy,0.14593483,68523.73,2026-04-07 17:36:02.027797+0000
995534199,buy,0.02189107,68524.16,2026-04-07 17:36:02.027797+0000
995534198,buy,0.08,68524.42,2026-04-07 17:36:02.027797+0000
995534197,buy,0.08,68524.42,2026-04-07 17:36:02.027797+0000
995534196,buy,0.0057528,68524.44,2026-04-07 17:36:02.027797+0000
995534200,buy,0.01552,68524.12,2026-04-07 17:36:02.027797+0000
995534205,buy,0.00071,68522.61,2026-04-07 17:36:02.027890+0000
995534211,buy,0.008,68519.43,2026-04-07 17:36:02.027965+0000
995534212,buy,0.008,68519.42,2026-04-07 17:36:02.027965+0000
995534210,buy,0.02592,68519.48,2026-04-07 17:36:02.027965+0000
995534213,buy,0.008,68519.35,2026-04-07 17:36:02.027965+0000
995534208,buy,1.7e-05,68520.1,2026-04-07 17:36:02.027965+0000
995534207,buy,0.03574402,68521.33,2026-04-07 17:36:02.027965+0000
995534209,buy,0.01,68520.0,2026-04-07 17:36:02.027965+0000
995534206,buy,0.29116443,68522.61,2026-04-07 17:36:02.027965+0000
995534214,buy,0.00039,68518.17,2026-04-07 17:36:02.029697+0000
995534215,sell,0.0509184,68520.0,2026-04-07 17:36:02.086599+0000
995534216,sell,0.0285184,68520.0,2026-04-07 17:36:02.087716+0000
995534217,sell,0.0490184,68519.38,2026-04-07 17:36:02.097839+0000
995534218,sell,0.0510184,68519.38,2026-04-07 17:36:02.098120+0000
995534219,sell,0.0492184,68519.39,2026-04-07 17:36:02.109366+0000
995534220,sell,0.01647966,68519.39,2026-04-07 17:36:02.109517+0000
995534221,sell,0.0505184,68528.39,2026-04-07 17:36:02.242746+0000
995534222,sell,0.0495184,68528.39,2026-04-07 17:36:02.243410+0000
995534223,sell,0.0199184,68528.39,2026-04-07 17:36:02.253915+0000
995534224,sell,1e-07,68532.75,2026-04-07 17:36:02.293860+0000
995534225,buy,4e-08,68534.0,2026-04-07 17:36:02.478032+0000
995534226,buy,0.00241065,68536.79,2026-04-07 17:36:02.701785+0000
995534227,sell,1.7e-05,68536.8,2026-04-07 17:36:02.884072+0000
995534228,sell,0.00282067,68536.8,2026-04-07 17:36:02.884072+0000
995534229,buy,0.00036477,68534.32,2026-04-07 17:36:02.940139+0000
995534230,buy,0.001513,68534.31,2026-04-07 17:36:02.940139+0000
995534231,buy,4e-08,68528.0,2026-04-07 17:36:02.944180+0000
995534232,sell,0.00036482,68528.77,2026-04-07 17:36:03.111742+0000
995534233,sell,0.0502184,68529.71,2026-04-07 17:36:03.123845+0000
995534234,sell,0.0498184,68529.71,2026-04-07 17:36:03.124209+0000
995534235,sell,0.03495763,68534.24,2026-04-07 17:36:03.134978+0000
995534236,buy,5e-08,68534.29,2026-04-07 17:36:03.347908+0000
995534237,buy,3.516e-05,68534.29,2026-04-07 17:36:03.580261+0000
995534238,buy,0.00036478,68534.29,2026-04-07 17:36:03.580261+0000
995534239,buy,0.001513,68531.62,2026-04-07 17:36:03.600576+0000
995534240,sell,0.00010337,68526.8,2026-04-07 17:36:03.760283+0000
995534241,buy,3e-08,68526.79,2026-04-07 17:36:03.772694+0000
995534242,sell,1e-07,68526.8,2026-04-07 17:36:03.915627+0000
995534243,buy,3e-08,68526.79,2026-04-07 17:36:04.243232+0000
995534244,buy,6e-08,68526.78,2026-04-07 17:36:04.738123+0000
995534245,buy,1.694e-05,68526.78,2026-04-07 17:36:04.766468+0000
995534246,buy,0.00119876,68526.78,2026-04-07 17:36:04.766468+0000
995534247,sell,0.000446,68526.79,2026-04-07 17:36:05.105167+0000
995534248,buy,3e-08,68526.78,2026-04-07 17:36:05.133113+0000
995534249,buy,1.1e-07,68526.78,2026-04-07 17:36:05.215454+0000
995534250,buy,5e-08,68523.45,2026-04-07 17:36:05.571062+0000
995534251,buy,0.00029412,68523.45,2026-04-07 17:36:05.610759+0000
995534252,sell,1e-07,68523.46,2026-04-07 17:36:05.662949+0000
995534253,sell,0.02189261,68523.46,2026-04-07 17:36:05.941080+0000
995534254,sell,0.01372283,68523.46,2026-04-07 17:36:05.941080+0000
995534255,sell,0.00014266,68523.46,2026-04-07 17:36:05.941080+0000
995534256,sell,0.01167133,68523.46,2026-04-07 17:36:05.941080+0000
995534257,sell,0.00368897,68523.46,2026-04-07 17:36:05.941080+0000
995534260,sell,2.837e-05,68524.0,2026-04-07 17:36:05.942514+0000
995534259,sell,0.02803178,68523.46,2026-04-07 17:36:05.942514+0000
995534258,sell,0.00796356,68523.46,2026-04-07 17:36:05.942514+0000
995534261,sell,0.02189261,68524.49,2026-04-07 17:36:05.951817+0000
995534262,buy,6e-08,68525.68,2026-04-07 17:36:05.963017+0000
995534263,sell,0.000299,68525.69,2026-04-07 17:36:06.021597+0000
995534264,sell,5.941e-05,68525.69,2026-04-07 17:36:06.331275+0000
995534265,buy,5e-08,68525.68,2026-04-07 17:36:06.345458+0000
995534266,buy,0.00020604,68525.68,2026-04-07 17:36:06.578008+0000
995534267,buy,3e-08,68525.68,2026-04-07 17:36:06.791046+0000
995534268,buy,4.96e-05,68525.68,2026-04-07 17:36:07.000200+0000
995534269,buy,0.00951191,68525.68,2026-04-07 17:36:07.262787+0000
995534270,buy,3e-08,68525.68,2026-04-07 17:36:07.324546+0000
995534271,sell,1e-07,68525.69,2026-04-07 17:36:07.394887+0000
995534274,buy,0.01021514,68523.28,2026-04-07 17:36:07.672048+0000
995534273,buy,0.0306184,68523.44,2026-04-07 17:36:07.672048+0000
995534272,buy,1.7e-05,68523.44,2026-04-07 17:36:07.672048+0000
995534275,buy,3e-08,68520.97,2026-04-07 17:36:07.779856+0000
995534276,buy,0.14621138,68520.97,2026-04-07 17:36:07.937743+0000
995534277,buy,0.00861422,68520.97,2026-04-07 17:36:07.938001+0000
995534278,buy,0.00487543,68520.97,2026-04-07 17:36:07.938248+0000
995534279,sell,0.0511184,68520.98,2026-04-07 17:36:08.183859+0000
995534283,sell,0.02189371,68520.98,2026-04-07 17:36:08.183883+0000
995534284,sell,0.00036485,68520.98,2026-04-07 17:36:08.183883+0000
995534281,sell,0.0125536,68520.98,2026-04-07 17:36:08.183883+0000
995534282,sell,0.00019867,68520.98,2026-04-07 17:36:08.183883+0000
995534280,sell,0.03644602,68520.98,2026-04-07 17:36:08.183883+0000
995534287,sell,0.02410871,68523.87,2026-04-07 17:36:08.184398+0000
995534285,sell,0.01459385,68522.01,2026-04-07 17:36:08.184398+0000
995534286,sell,0.01021584,68523.38,2026-04-07 17:36:08.184398+0000
995534288,sell,0.13832323,68523.87,2026-04-07 17:36:08.184825+0000
995534289,sell,0.0801,68523.87,2026-04-07 17:36:08.184855+0000
995534290,sell,0.04933715,68523.87,2026-04-07 17:36:08.184972+0000
995534291,sell,0.000418,68527.63,2026-04-07 17:36:08.276243+0000
995534292,buy,5e-08,68529.46,2026-04-07 17:36:08.286661+0000
995534293,buy,5e-08,68529.46,2026-04-07 17:36:08.655764+0000
995534294,sell,9.869e-05,68529.47,2026-04-07 17:36:08.958639+0000
995534295,sell,1e-07,68529.47,2026-04-07 17:36:09.030532+0000
995534296,buy,2e-08,68529.46,2026-04-07 17:36:09.034186+0000
995534297,buy,0.00036481,68529.46,2026-04-07 17:36:09.112271+0000
995534298,buy,3e-08,68527.99,2026-04-07 17:36:09.472746+0000
995534299,buy,6e-08,68525.75,2026-04-07 17:36:09.858652+0000
995534300,sell,0.02189032,68525.76,2026-04-07 17:36:10.159285+0000
995534301,sell,0.02702808,68525.76,2026-04-07 17:36:10.159285+0000
995534305,sell,0.03,68525.78,2026-04-07 17:36:10.160707+0000
995534302,sell,0.00297192,68525.76,2026-04-07 17:36:10.160707+0000
995534303,sell,0.00403863,68525.76,2026-04-07 17:36:10.160707+0000
995534304,sell,0.00021248,68525.76,2026-04-07 17:36:10.160707+0000
995534306,buy,3e-08,68529.99,2026-04-07 17:36:10.354918+0000
995534307,buy,1.1e-07,68529.99,2026-04-07 17:36:10.398206+0000
995534308,sell,0.00036501,68530.0,2026-04-07 17:36:10.533158+0000
995534309,sell,0.000221,68530.0,2026-04-07 17:36:10.582934+0000
995534310,sell,2.9e-07,68530.0,2026-04-07 17:36:10.610793+0000
995534311,sell,1e-07,68530.0,2026-04-07 17:36:10.701241+0000
995534312,buy,2e-08,68529.99,2026-04-07 17:36:10.741172+0000
995534313,buy,0.03061838,68529.99,2026-04-07 17:36:10.834151+0000
995534314,buy,2e-08,68527.99,2026-04-07 17:36:11.141186+0000
995534315,sell,2.9e-07,68528.0,2026-04-07 17:36:11.188598+0000
995534316,sell,0.00072232,68528.0,2026-04-07 17:36:11.424252+0000
995534317,buy,3e-08,68527.99,2026-04-07 17:36:11.586090+0000
995534318,sell,9.159e-05,68528.0,2026-04-07 17:36:11.655181+0000
995534319,buy,3e-08,68527.99,2026-04-07 17:36:12.030103+0000
995534320,sell,1e-07,68528.0,2026-04-07 17:36:12.393361+0000
995534321,buy,5e-08,68527.99,2026-04-07 17:36:12.589749+0000
995534322,buy,4e-08,68527.99,2026-04-07 17:36:13.062371+0000
995534323,sell,1.4e-07,68528.0,2026-04-07 17:36:13.148974+0000
995534324,buy,0.00037037,68527.99,2026-04-07 17:36:13.173195+0000
995534325,buy,7e-08,68527.99,2026-04-07 17:36:13.499393+0000
995534326,sell,7.217e-05,68528.0,2026-04-07 17:36:13.800202+0000
995534327,buy,5e-08,68527.99,2026-04-07 17:36:13.966097+0000
995534328,sell,1e-07,68528.0,2026-04-07 17:36:14.080388+0000
995534334,sell,2.826e-05,68528.02,2026-04-07 17:36:14.279825+0000
995534333,sell,0.03,68528.02,2026-04-07 17:36:14.279825+0000
995534331,sell,0.00019112,68528.0,2026-04-07 17:36:14.279825+0000
995534330,sell,0.03,68528.0,2026-04-07 17:36:14.279825+0000
995534329,sell,0.08748294,68528.0,2026-04-07 17:36:14.279825+0000
995534332,sell,0.00482445,68528.0,2026-04-07 17:36:14.279825+0000
995534335,sell,0.00011309,68530.0,2026-04-07 17:36:14.291610+0000
995534336,sell,1.7e-05,68530.12,2026-04-07 17:36:14.291610+0000
995534337,buy,7e-08,68533.45,2026-04-07 17:36:14.452773+0000
995534338,sell,1.7e-05,68533.46,2026-04-07 17:36:14.591870+0000
995534339,sell,1.7e-05,68536.8,2026-04-07 17:36:14.602158+0000
995534340,sell,0.0484184,68539.12,2026-04-07 17:36:14.680517+0000
995534342,sell,0.003783,68540.63,2026-04-07 17:36:14.693211+0000
995534341,sell,1.7e-05,68540.14,2026-04-07 17:36:14.693211+0000
995534343,sell,1.625e-05,68540.63,2026-04-07 17:36:14.713871+0000
995534344,sell,0.00758375,68543.37,2026-04-07 17:36:14.713871+0000
995534345,sell,1.476e-05,68543.37,2026-04-07 17:36:14.718752+0000
995534346,sell,1.7e-05,68543.48,2026-04-07 17:36:14.718752+0000
995534347,sell,1.7e-05,68546.82,2026-04-07 17:36:14.731003+0000
995534348,sell,0.01519702,68548.84,2026-04-07 17:36:14.740886+0000
995534349,sell,1.7e-05,68550.16,2026-04-07 17:36:14.747497+0000
995534350,buy,0.00969435,68550.3,2026-04-07 17:36:14.889683+0000
995534351,buy,1.1e-07,68550.3,2026-04-07 17:36:14.891427+0000
995534354,sell,2.3e-07,68550.74,2026-04-07 17:36:15.135227+0000
995534353,sell,2.3e-07,68550.73,2026-04-07 17:36:15.135227+0000
995534352,sell,2.3e-07,68550.72,2026-04-07 17:36:15.135227+0000
995534356,sell,2.3e-07,68554.15,2026-04-07 17:36:15.156120+0000
995534357,sell,2.3e-07,68554.16,2026-04-07 17:36:15.156120+0000
995534355,sell,1.7e-05,68553.5,2026-04-07 17:36:15.156120+0000
995534358,sell,1.7e-05,68556.84,2026-04-07 17:36:15.161346+0000
995534359,buy,4e-08,68560.17,2026-04-07 17:36:15.187374+0000
995534360,sell,1.7e-05,68560.18,2026-04-07 17:36:15.255273+0000
995534361,sell,2.3e-07,68561.29,2026-04-07 17:36:15.255273+0000
995534362,sell,2.3e-07,68561.3,2026-04-07 17:36:15.255273+0000
995534363,sell,2.3e-07,68561.31,2026-04-07 17:36:15.255273+0000
995534364,sell,1.7e-05,68563.52,2026-04-07 17:36:15.255273+0000
995534367,sell,0.0219014,68566.88,2026-04-07 17:36:15.292523+0000
995534366,sell,0.03,68566.86,2026-04-07 17:36:15.292523+0000
995534365,sell,1.7e-05,68566.86,2026-04-07 17:36:15.292523+0000
995534368,sell,0.0080986,68566.88,2026-04-07 17:36:15.330997+0000
995534369,sell,2.3e-07,68570.06,2026-04-07 17:36:15.330997+0000
995534370,sell,2.3e-07,68570.07,2026-04-07 17:36:15.330997+0000
995534371,sell,2.3e-07,68570.08,2026-04-07 17:36:15.330997+0000
995534372,sell,1.7e-05,68570.2,2026-04-07 17:36:15.378187+0000
995534373,buy,0.03092,68573.53,2026-04-07 17:36:15.484372+0000
995534374,buy,0.34746222,68569.81,2026-04-07 17:36:15.500783+0000
995534375,buy,5e-08,68569.81,2026-04-07 17:36:15.577222+0000
995534376,sell,1e-07,68569.82,2026-04-07 17:36:15.791941+0000
995534377,buy,5e-08,68569.81,2026-04-07 17:36:15.982392+0000
995534378,sell,9.389e-05,68569.82,2026-04-07 17:36:16.239953+0000
995534379,buy,0.18348477,68569.81,2026-04-07 17:36:16.241161+0000
995534380,buy,0.021,68569.81,2026-04-07 17:36:16.241215+0000
995534381,buy,0.34805291,68569.81,2026-04-07 17:36:16.241410+0000
995534382,buy,0.00160522,68567.8,2026-04-07 17:36:16.245049+0000
995534383,buy,0.00860304,68567.8,2026-04-07 17:36:16.246039+0000
995534384,buy,0.001516,68567.03,2026-04-07 17:36:16.260422+0000
995534385,buy,2e-08,68563.27,2026-04-07 17:36:16.460755+0000
995534386,sell,0.02352332,68563.58,2026-04-07 17:36:16.528853+0000
995534387,sell,0.000285,68571.48,2026-04-07 17:36:16.782334+0000
995534388,buy,2e-08,68571.47,2026-04-07 17:36:16.887524+0000
995534389,buy,5.325e-05,68571.47,2026-04-07 17:36:16.947036+0000
995534390,buy,3e-08,68571.47,2026-04-07 17:36:17.357367+0000
995534391,sell,1e-07,68571.48,2026-04-07 17:36:17.501588+0000
995534392,sell,0.00043339,68571.48,2026-04-07 17:36:17.539718+0000
995534393,buy,0.00010518,68571.47,2026-04-07 17:36:17.710826+0000
995534394,buy,2e-08,68571.47,2026-04-07 17:36:17.840513+0000
995534395,sell,0.01401589,68569.09,2026-04-07 17:36:18.240839+0000
995534396,sell,0.02187978,68569.09,2026-04-07 17:36:18.240839+0000
995534397,sell,0.00032842,68569.09,2026-04-07 17:36:18.240839+0000
995534398,sell,2.824e-05,68569.8,2026-04-07 17:36:18.240839+0000
995534399,buy,5e-08,68573.53,2026-04-07 17:36:18.300240+0000
995534402,sell,0.0729,68574.74,2026-04-07 17:36:18.616683+0000
995534401,sell,0.01401589,68573.54,2026-04-07 17:36:18.616683+0000
995534400,sell,1.7e-05,68573.54,2026-04-07 17:36:18.616683+0000
995534403,sell,2.3e-07,68576.68,2026-04-07 17:36:18.617251+0000
995534404,sell,2.3e-07,68576.69,2026-04-07 17:36:18.617251+0000
995534405,sell,2.3e-07,68576.7,2026-04-07 17:36:18.617251+0000
995534406,sell,1.7e-05,68576.88,2026-04-07 17:36:18.617251+0000
995534407,sell,0.02189111,68576.9,2026-04-07 17:36:18.617251+0000
995534408,sell,0.08749171,68577.92,2026-04-07 17:36:18.617251+0000
995534409,sell,2.3e-07,68578.01,2026-04-07 17:36:18.617251+0000
995534410,sell,2.3e-07,68578.02,2026-04-07 17:36:18.617251+0000
995534411,sell,0.02189111,68576.97,2026-04-07 17:36:18.629985+0000
995534412,sell,1.7e-05,68580.22,2026-04-07 17:36:18.696126+0000
995534413,sell,1.7e-05,68583.56,2026-04-07 17:36:18.717560+0000
995534414,sell,0.02189111,68584.98,2026-04-07 17:36:18.717560+0000
995534415,sell,0.04376677,68586.46,2026-04-07 17:36:18.718197+0000
995534416,sell,0.00145815,68586.8,2026-04-07 17:36:18.718197+0000
995534417,sell,1.7e-05,68586.9,2026-04-07 17:36:18.718197+0000
995534418,sell,0.00353331,68587.06,2026-04-07 17:36:18.718197+0000
995534419,sell,0.01695863,68587.19,2026-04-07 17:36:18.718197+0000
995534420,sell,0.07052126,68587.19,2026-04-07 17:36:18.718830+0000
995534421,sell,0.02189111,68587.05,2026-04-07 17:36:18.728702+0000
995534422,buy,2e-08,68587.04,2026-04-07 17:36:18.740699+0000
995534427,sell,1.7e-05,68590.24,2026-04-07 17:36:18.744537+0000
995534426,sell,0.00026963,68590.0,2026-04-07 17:36:18.744537+0000
995534424,sell,0.01245,68589.53,2026-04-07 17:36:18.744537+0000
995534423,sell,0.01245,68589.53,2026-04-07 17:36:18.744537+0000
995534425,sell,0.00706661,68589.61,2026-04-07 17:36:18.744537+0000
995534428,sell,0.00029191,68591.95,2026-04-07 17:36:18.768538+0000
995534429,sell,1.7e-05,68593.58,2026-04-07 17:36:18.993597+0000
995534430,sell,1.7e-05,68596.92,2026-04-07 17:36:18.999712+0000
995534431,sell,0.03070979,68597.36,2026-04-07 17:36:18.999712+0000
995534432,sell,0.02365149,68600.0,2026-04-07 17:36:18.999712+0000
995534433,sell,0.14577259,68600.0,2026-04-07 17:36:18.999712+0000
995534434,sell,1.7e-05,68600.26,2026-04-07 17:36:18.999712+0000
995534435,sell,0.00013996,68601.57,2026-04-07 17:36:19.060596+0000
995534436,sell,0.20293467,68601.57,2026-04-07 17:36:19.080442+0000
995534437,sell,0.32068581,68601.57,2026-04-07 17:36:19.080734+0000
995534438,sell,0.07191127,68601.57,2026-04-07 17:36:19.080785+0000
995534439,sell,0.15432829,68601.57,2026-04-07 17:36:19.080800+0000
995534440,sell,1.7e-05,68603.6,2026-04-07 17:36:19.093126+0000
995534441,sell,1.7e-05,68606.94,2026-04-07 17:36:19.093126+0000
995534442,sell,0.234266,68613.9,2026-04-07 17:36:19.093126+0000
995534443,sell,0.0943,68613.9,2026-04-07 17:36:19.095332+0000
995534444,sell,0.38250485,68613.9,2026-04-07 17:36:19.096212+0000
995534447,sell,0.00342731,68616.08,2026-04-07 17:36:19.118926+0000
995534448,sell,1.7e-05,68616.96,2026-04-07 17:36:19.118926+0000
995534446,sell,0.0125,68614.55,2026-04-07 17:36:19.118926+0000
995534445,sell,0.0125,68614.55,2026-04-07 17:36:19.118926+0000
995534449,sell,0.01370923,68617.11,2026-04-07 17:36:19.141282+0000
995534450,buy,2e-08,68617.1,2026-04-07 17:36:19.159086+0000
995534451,sell,1e-07,68622.93,2026-04-07 17:36:19.162555+0000
995534453,sell,0.00209106,68622.93,2026-04-07 17:36:19.325643+0000
995534454,sell,0.01861137,68624.01,2026-04-07 17:36:19.325643+0000
995534452,sell,0.00036433,68622.92,2026-04-07 17:36:19.325643+0000
995534455,sell,0.00036433,68624.01,2026-04-07 17:36:19.327358+0000
995534456,sell,0.12884633,68629.8,2026-04-07 17:36:19.337985+0000
995534457,sell,0.00235367,68629.8,2026-04-07 17:36:19.339431+0000
995534463,sell,0.06873842,68639.92,2026-04-07 17:36:19.357090+0000
995534462,sell,0.008,68638.82,2026-04-07 17:36:19.357090+0000
995534461,sell,0.000285,68638.64,2026-04-07 17:36:19.357090+0000
995534460,sell,1.7e-05,68637.0,2026-04-07 17:36:19.357090+0000
995534459,sell,0.0125,68636.31,2026-04-07 17:36:19.357090+0000
995534458,sell,0.01,68635.0,2026-04-07 17:36:19.357090+0000
995534464,sell,0.0243941,68639.92,2026-04-07 17:36:19.357700+0000
995534465,sell,0.00745835,68639.92,2026-04-07 17:36:19.358038+0000
995534466,sell,0.00980713,68639.92,2026-04-07 17:36:19.359390+0000
995534471,sell,0.008,68640.06,2026-04-07 17:36:19.363983+0000
995534470,sell,0.008,68640.02,2026-04-07 17:36:19.363983+0000
995534472,sell,0.00523428,68640.1,2026-04-07 17:36:19.363983+0000
995534468,sell,0.020802,68639.92,2026-04-07 17:36:19.363983+0000
995534469,sell,0.01,68640.0,2026-04-07 17:36:19.363983+0000
995534467,sell,0.008,68639.28,2026-04-07 17:36:19.363983+0000
995534476,sell,0.00993913,68642.8,2026-04-07 17:36:19.364692+0000
995534473,sell,0.00276572,68640.1,2026-04-07 17:36:19.364692+0000
995534474,sell,0.008,68640.15,2026-04-07 17:36:19.364692+0000
995534475,sell,0.04373014,68640.53,2026-04-07 17:36:19.364692+0000
995534484,sell,0.1312,68646.76,2026-04-07 17:36:19.374476+0000
995534483,sell,0.00666287,68646.53,2026-04-07 17:36:19.374476+0000
995534481,sell,0.00583,68645.29,2026-04-07 17:36:19.374476+0000
995534482,sell,0.00029146,68645.74,2026-04-07 17:36:19.374476+0000
995534479,sell,0.00173832,68644.2,2026-04-07 17:36:19.374476+0000
995534478,sell,0.00339303,68643.45,2026-04-07 17:36:19.374476+0000
995534477,sell,0.05009715,68642.8,2026-04-07 17:36:19.374476+0000
995534480,sell,0.00583,68644.95,2026-04-07 17:36:19.374476+0000
995534486,sell,0.00035,68650.53,2026-04-07 17:36:19.427679+0000
995534485,sell,0.00292439,68650.0,2026-04-07 17:36:19.427679+0000
995534487,sell,0.00651188,68653.55,2026-04-07 17:36:19.446830+0000
995534488,sell,1.7e-05,68657.04,2026-04-07 17:36:19.446830+0000
995534489,sell,0.00071,68649.0,2026-04-07 17:36:19.463577+0000
995534490,sell,0.00071,68649.0,2026-04-07 17:36:19.463671+0000
995534491,sell,0.00071,68649.0,2026-04-07 17:36:19.464398+0000
995534492,sell,0.00071,68649.0,2026-04-07 17:36:19.464490+0000
995534493,sell,0.00071,68650.0,2026-04-07 17:36:19.464638+0000
995534494,sell,0.00071,68650.0,2026-04-07 17:36:19.464820+0000
995534495,sell,0.00071,68650.0,2026-04-07 17:36:19.464837+0000
995534496,sell,0.00071,68650.0,2026-04-07 17:36:19.465077+0000
995534497,sell,0.00071,68650.0,2026-04-07 17:36:19.465193+0000
995534498,sell,0.00071,68650.0,2026-04-07 17:36:19.465328+0000
995534499,sell,0.01574386,68650.0,2026-04-07 17:36:19.475068+0000
995534500,sell,0.1312,68650.0,2026-04-07 17:36:19.475068+0000
995534501,sell,0.0233,68650.0,2026-04-07 17:36:19.490495+0000
995534502,sell,0.00071,68650.0,2026-04-07 17:36:19.519534+0000
995534503,sell,0.00071,68650.0,2026-04-07 17:36:19.519583+0000
995534504,sell,0.00071,68650.0,2026-04-07 17:36:19.519871+0000
995534506,sell,0.0233,68652.0,2026-04-07 17:36:19.521652+0000
995534505,sell,0.02117,68650.0,2026-04-07 17:36:19.521652+0000
995534507,sell,0.06676219,68653.55,2026-04-07 17:36:19.523191+0000
995534508,sell,0.05312741,68653.55,2026-04-07 17:36:19.523216+0000
995534509,sell,0.0113104,68653.55,2026-04-07 17:36:19.523264+0000
995534510,sell,0.1312,68656.54,2026-04-07 17:36:19.523977+0000
995534511,buy,3e-08,68663.38,2026-04-07 17:36:19.540119+0000
995534512,sell,0.06152022,68663.39,2026-04-07 17:36:19.567637+0000
995534513,buy,0.04373014,68661.68,2026-04-07 17:36:19.576911+0000
995534514,buy,0.0004,68661.32,2026-04-07 17:36:19.576911+0000
995534517,sell,0.0031945,68671.38,2026-04-07 17:36:19.849326+0000
995534516,sell,0.025,68671.38,2026-04-07 17:36:19.849326+0000
995534515,sell,5.5e-06,68671.38,2026-04-07 17:36:19.849326+0000
995534518,sell,0.0148555,68671.38,2026-04-07 17:36:19.850172+0000
995534519,sell,2.557e-05,68671.42,2026-04-07 17:36:19.853374+0000
995534520,sell,3e-05,68673.74,2026-04-07 17:36:19.853374+0000
995534521,sell,3e-05,68673.79,2026-04-07 17:36:19.853374+0000
995534522,sell,3e-05,68673.79,2026-04-07 17:36:19.853374+0000
995534523,sell,3e-05,68673.79,2026-04-07 17:36:19.853374+0000
995534524,sell,3e-05,68673.79,2026-04-07 17:36:19.853374+0000
995534525,sell,3e-05,68673.79,2026-04-07 17:36:19.853374+0000
995534526,sell,0.025,68673.86,2026-04-07 17:36:19.853374+0000
995534527,sell,1.7e-05,68677.08,2026-04-07 17:36:19.855887+0000
995534528,sell,0.03677685,68678.58,2026-04-07 17:36:19.855887+0000
995534529,sell,0.16217516,68678.58,2026-04-07 17:36:19.865193+0000
995534530,sell,0.08609387,68678.58,2026-04-07 17:36:19.867154+0000
995534531,sell,0.08133188,68678.58,2026-04-07 17:36:19.868840+0000
995534532,sell,5.5e-06,68679.52,2026-04-07 17:36:19.872853+0000
995534547,sell,2.89e-05,68696.0,2026-04-07 17:36:19.876628+0000
995534548,sell,1.7e-05,68697.12,2026-04-07 17:36:19.876628+0000
995534549,sell,3e-05,68697.81,2026-04-07 17:36:19.876628+0000
995534550,sell,3e-05,68698.67,2026-04-07 17:36:19.876628+0000
995534546,sell,1.939e-05,68694.23,2026-04-07 17:36:19.876628+0000
995534552,sell,3e-05,68699.0,2026-04-07 17:36:19.876628+0000
995534553,sell,3e-05,68699.0,2026-04-07 17:36:19.876628+0000
995534554,sell,3e-05,68699.38,2026-04-07 17:36:19.876628+0000
995534555,sell,0.01862118,68700.69,2026-04-07 17:36:19.876628+0000
995534551,sell,3e-05,68698.67,2026-04-07 17:36:19.876628+0000
995534545,sell,3e-05,68693.72,2026-04-07 17:36:19.876628+0000
995534536,sell,3e-05,68680.8,2026-04-07 17:36:19.876628+0000
995534543,sell,3e-05,68688.0,2026-04-07 17:36:19.876628+0000
995534544,sell,3e-05,68691.14,2026-04-07 17:36:19.876628+0000
995534533,sell,3e-05,68680.8,2026-04-07 17:36:19.876628+0000
995534534,sell,3e-05,68680.8,2026-04-07 17:36:19.876628+0000
995534537,sell,3e-05,68680.8,2026-04-07 17:36:19.876628+0000
995534535,sell,3e-05,68680.8,2026-04-07 17:36:19.876628+0000
995534539,sell,3e-05,68682.84,2026-04-07 17:36:19.876628+0000
995534541,sell,3e-05,68684.82,2026-04-07 17:36:19.876628+0000
995534542,sell,5.5e-06,68685.8,2026-04-07 17:36:19.876628+0000
995534538,sell,2.253e-05,68680.95,2026-04-07 17:36:19.876628+0000
995534540,sell,5.5e-06,68684.35,2026-04-07 17:36:19.876628+0000
995534556,buy,0.03092,68690.98,2026-04-07 17:36:19.944289+0000
995534557,buy,7e-08,68687.25,2026-04-07 17:36:19.957568+0000
995534559,buy,0.00151593,68687.25,2026-04-07 17:36:20.003310+0000
995534558,buy,0.00036396,68687.26,2026-04-07 17:36:20.003310+0000
995534560,buy,0.03092,68687.65,2026-04-07 17:36:20.116017+0000
995534561,sell,0.021,68681.6,2026-04-07 17:36:20.246512+0000
995534562,sell,0.03468238,68681.6,2026-04-07 17:36:20.246512+0000
995534563,sell,0.000364,68681.6,2026-04-07 17:36:20.246512+0000
995534564,sell,0.05684422,68681.6,2026-04-07 17:36:20.246512+0000
995534565,sell,0.1312,68682.26,2026-04-07 17:36:20.246512+0000
995534566,sell,0.0221,68686.0,2026-04-07 17:36:20.246512+0000
995534567,sell,0.06341581,68687.68,2026-04-07 17:36:20.246512+0000
995534568,buy,0.03092,68684.36,2026-04-07 17:36:20.255145+0000
995534570,buy,0.001517,68681.59,2026-04-07 17:36:20.256637+0000
995534571,buy,0.00776,68680.56,2026-04-07 17:36:20.256637+0000
995534569,buy,0.00036398,68681.6,2026-04-07 17:36:20.256637+0000
995534572,buy,0.03092,68678.88,2026-04-07 17:36:20.273950+0000
995534573,buy,0.01552,68674.17,2026-04-07 17:36:20.283575+0000
995534574,buy,3e-08,68674.41,2026-04-07 17:36:20.326214+0000
995534575,buy,0.03091997,68674.41,2026-04-07 17:36:20.328842+0000
995534576,buy,0.04373014,68669.6,2026-04-07 17:36:20.343544+0000
995534577,buy,0.00388,68667.98,2026-04-07 17:36:20.369516+0000
995534578,sell,0.00014447,68658.33,2026-04-07 17:36:20.512771+0000
995534579,buy,0.001517,68654.01,2026-04-07 17:36:20.672786+0000
995534580,buy,1.7e-05,68653.7,2026-04-07 17:36:20.672786+0000
995534581,sell,0.00141808,68651.99,2026-04-07 17:36:20.686097+0000
995534582,sell,0.00036415,68653.98,2026-04-07 17:36:20.811067+0000
995534583,sell,0.01630095,68655.02,2026-04-07 17:36:20.811067+0000
995534584,sell,0.00333876,68660.45,2026-04-07 17:36:20.811348+0000
995534585,sell,0.0840478,68660.45,2026-04-07 17:36:20.811415+0000
995534586,buy,4e-08,68655.03,2026-04-07 17:36:20.822509+0000
995534587,sell,1e-07,68656.16,2026-04-07 17:36:20.825776+0000
995534589,sell,0.04373004,68656.16,2026-04-07 17:36:20.842614+0000
995534588,sell,0.03054,68655.04,2026-04-07 17:36:20.842614+0000
995534590,sell,0.02185106,68659.74,2026-04-07 17:36:20.845322+0000
995534591,sell,0.04373014,68661.7,2026-04-07 17:36:20.846746+0000
995534592,sell,0.00899999,68664.6,2026-04-07 17:36:20.848250+0000
995534593,sell,0.00766511,68664.6,2026-04-07 17:36:20.848250+0000
995534594,sell,0.00133488,68664.6,2026-04-07 17:36:20.848895+0000
995534595,sell,0.00901,68657.2,2026-04-07 17:36:20.853035+0000
995534596,sell,0.0076551,68657.65,2026-04-07 17:36:20.853035+0000
995534597,sell,0.02519587,68657.65,2026-04-07 17:36:20.853109+0000
995534598,sell,0.00028893,68657.65,2026-04-07 17:36:20.857717+0000
995534599,sell,0.01059024,68657.65,2026-04-07 17:36:20.858936+0000
995534600,sell,0.02185106,68659.74,2026-04-07 17:36:20.859093+0000
995534601,sell,0.00072233,68659.55,2026-04-07 17:36:20.875049+0000
995534602,sell,0.02219991,68659.55,2026-04-07 17:36:20.899504+0000
995534603,sell,0.0208079,68659.55,2026-04-07 17:36:20.899648+0000
995534604,sell,0.02185106,68659.55,2026-04-07 17:36:20.903967+0000
995534605,sell,0.01540781,68659.55,2026-04-07 17:36:20.903986+0000
995534606,sell,0.00647127,68659.55,2026-04-07 17:36:20.911850+0000
995534607,sell,0.03318196,68659.55,2026-04-07 17:36:20.916788+0000
995534608,sell,0.01054818,68659.55,2026-04-07 17:36:20.919515+0000
995534609,sell,0.02185106,68664.67,2026-04-07 17:36:20.948778+0000
995534610,sell,0.02185106,68664.67,2026-04-07 17:36:20.955419+0000
995534611,buy,0.03092,68675.85,2026-04-07 17:36:21.001298+0000
995534612,buy,0.03092,68675.86,2026-04-07 17:36:21.010444+0000
995534613,buy,5.504e-05,68674.08,2026-04-07 17:36:21.010444+0000
995534614,buy,5.348e-05,68673.42,2026-04-07 17:36:21.010444+0000
995534615,sell,0.0015,68678.0,2026-04-07 17:36:21.062609+0000
995534616,sell,0.00071,68678.0,2026-04-07 17:36:21.112866+0000
995534617,sell,0.00071,68678.0,2026-04-07 17:36:21.112934+0000
995534618,sell,0.001094,68678.0,2026-04-07 17:36:21.128768+0000
995534619,buy,0.17056721,68677.99,2026-04-07 17:36:21.131630+0000
995534621,buy,0.001517,68675.9,2026-04-07 17:36:21.139715+0000
995534620,buy,0.00036402,68677.99,2026-04-07 17:36:21.139715+0000
995534622,buy,0.00251527,68670.0,2026-04-07 17:36:21.139715+0000
995534623,buy,0.001517,68670.34,2026-04-07 17:36:21.250082+0000
995534624,buy,0.04373014,68670.32,2026-04-07 17:36:21.250082+0000
995534625,buy,1.7e-05,68667.06,2026-04-07 17:36:21.313576+0000
995534626,buy,0.02592,68665.09,2026-04-07 17:36:21.313576+0000
995534627,buy,0.01019386,68664.66,2026-04-07 17:36:21.313698+0000
995534632,sell,0.0007,68670.5,2026-04-07 17:36:21.404338+0000
995534631,sell,0.02,68668.0,2026-04-07 17:36:21.404338+0000
995534629,sell,0.0003641,68662.36,2026-04-07 17:36:21.404338+0000
995534628,sell,0.02847,68662.36,2026-04-07 17:36:21.404338+0000
995534630,sell,0.02847,68664.67,2026-04-07 17:36:21.404338+0000
995534633,buy,0.77346362,68670.74,2026-04-07 17:36:21.648664+0000
995534634,buy,0.14853228,68670.74,2026-04-07 17:36:21.648769+0000
995534635,sell,5.065e-05,68663.98,2026-04-07 17:36:21.699542+0000
995534636,buy,4.363e-05,68664.02,2026-04-07 17:36:21.797760+0000
995534637,sell,0.01292,68666.97,2026-04-07 17:36:21.892075+0000
995534638,buy,0.00036184,68667.78,2026-04-07 17:36:21.968880+0000
995534639,sell,0.001277,68671.48,2026-04-07 17:36:22.094727+0000
995534640,sell,0.0553184,68671.48,2026-04-07 17:36:22.103089+0000
995534641,sell,0.00071,68671.48,2026-04-07 17:36:22.134744+0000
995534642,sell,0.00071,68671.48,2026-04-07 17:36:22.134861+0000
995534643,sell,0.00071,68671.48,2026-04-07 17:36:22.135062+0000
995534644,sell,0.00071,68671.48,2026-04-07 17:36:22.135112+0000
995534645,buy,6e-08,68671.47,2026-04-07 17:36:22.152583+0000
995534646,sell,0.0133646,68671.48,2026-04-07 17:36:22.250588+0000
995534647,sell,0.00367952,68674.0,2026-04-07 17:36:22.250588+0000
995534648,buy,0.04373014,68677.07,2026-04-07 17:36:22.275056+0000
995534649,buy,0.02184182,68677.07,2026-04-07 17:36:22.275056+0000
995534650,buy,0.001518,68676.23,2026-04-07 17:36:22.275056+0000
995534651,buy,0.001518,68676.01,2026-04-07 17:36:22.479852+0000
995534652,sell,1e-07,68674.55,2026-04-07 17:36:22.578583+0000
995534653,buy,2e-08,68671.49,2026-04-07 17:36:22.590638+0000
995534654,buy,0.0029243,68672.37,2026-04-07 17:36:22.600439+0000
995534655,buy,1.1e-07,68673.19,2026-04-07 17:36:22.802675+0000
995534656,buy,5e-08,68671.49,2026-04-07 17:36:23.052392+0000
995534657,sell,0.00020576,68671.5,2026-04-07 17:36:23.102560+0000
995534658,sell,0.08736643,68676.27,2026-04-07 17:36:23.103103+0000
995534659,sell,1.7e-05,68677.08,2026-04-07 17:36:23.103103+0000
995534660,sell,0.0563184,68680.32,2026-04-07 17:36:23.113138+0000
995534661,sell,0.0164816,68680.32,2026-04-07 17:36:23.115107+0000
995534662,sell,1.7e-05,68680.42,2026-04-07 17:36:23.115107+0000
995534667,sell,0.03841885,68697.66,2026-04-07 17:36:23.188312+0000
995534666,sell,1.7e-05,68697.12,2026-04-07 17:36:23.188312+0000
995534663,sell,0.021,68686.88,2026-04-07 17:36:23.188312+0000
995534664,sell,0.0117,68689.63,2026-04-07 17:36:23.188312+0000
995534665,sell,0.0117,68689.63,2026-04-07 17:36:23.188312+0000
995534668,sell,0.00013835,68697.65,2026-04-07 17:36:23.216027+0000
995534669,sell,0.00022559,68697.65,2026-04-07 17:36:23.260242+0000
995534670,sell,0.025,68699.07,2026-04-07 17:36:23.275599+0000
995534671,sell,3e-05,68701.0,2026-04-07 17:36:23.314687+0000
995534672,sell,3e-05,68701.15,2026-04-07 17:36:23.314687+0000
995534673,sell,3e-05,68702.09,2026-04-07 17:36:23.314687+0000
995534674,sell,0.000288,68702.91,2026-04-07 17:36:23.344720+0000
995534688,sell,3e-05,68708.46,2026-04-07 17:36:23.420569+0000
995534689,sell,3e-05,68708.74,2026-04-07 17:36:23.420569+0000
995534690,sell,3e-05,68708.74,2026-04-07 17:36:23.420569+0000
995534691,sell,1.7e-05,68710.48,2026-04-07 17:36:23.420569+0000
995534696,sell,0.0125,68714.65,2026-04-07 17:36:23.420569+0000
995534693,sell,0.02610689,68711.99,2026-04-07 17:36:23.420569+0000
995534694,sell,0.04373014,68713.73,2026-04-07 17:36:23.420569+0000
995534695,sell,0.0125,68714.65,2026-04-07 17:36:23.420569+0000
995534697,sell,0.03087879,68714.67,2026-04-07 17:36:23.420569+0000
995534692,sell,0.29107591,68710.6,2026-04-07 17:36:23.420569+0000
995534687,sell,0.04373014,68708.2,2026-04-07 17:36:23.420569+0000
995534684,sell,0.15153066,68707.97,2026-04-07 17:36:23.420569+0000
995534685,sell,0.11870893,68707.97,2026-04-07 17:36:23.420569+0000
995534676,sell,3e-05,68704.49,2026-04-07 17:36:23.420569+0000
995534677,sell,3e-05,68704.49,2026-04-07 17:36:23.420569+0000
995534678,sell,0.00259333,68705.88,2026-04-07 17:36:23.420569+0000
995534679,sell,0.08732821,68706.32,2026-04-07 17:36:23.420569+0000
995534675,sell,3e-05,68703.4,2026-04-07 17:36:23.420569+0000
995534681,sell,3e-05,68707.89,2026-04-07 17:36:23.420569+0000
995534682,sell,3e-05,68707.89,2026-04-07 17:36:23.420569+0000
995534683,sell,3e-05,68707.92,2026-04-07 17:36:23.420569+0000
995534680,sell,3e-05,68706.76,2026-04-07 17:36:23.420569+0000
995534686,sell,0.019,68708.0,2026-04-07 17:36:23.420569+0000
995534698,sell,0.0001327,68714.67,2026-04-07 17:36:23.421602+0000
995534699,sell,0.25211097,68714.92,2026-04-07 17:36:23.421602+0000
995534700,sell,0.02775633,68714.93,2026-04-07 17:36:23.421602+0000
995534701,buy,5e-08,68708.17,2026-04-07 17:36:23.476053+0000
995534702,buy,0.0003638,68708.17,2026-04-07 17:36:23.515338+0000
995534703,buy,0.01018817,68703.6,2026-04-07 17:36:23.685254+0000
995534704,buy,0.02183145,68703.6,2026-04-07 17:36:23.685254+0000
995534705,buy,0.0059841,68702.93,2026-04-07 17:36:23.694871+0000
995534707,buy,0.39,68702.52,2026-04-07 17:36:23.703897+0000
995534706,buy,0.02183145,68702.93,2026-04-07 17:36:23.703897+0000
995534708,buy,0.02183145,68702.93,2026-04-07 17:36:23.714401+0000
995534709,buy,0.02183145,68702.93,2026-04-07 17:36:23.787291+0000
995534710,buy,0.001519,68699.02,2026-04-07 17:36:23.848578+0000
995534711,buy,0.0086896,68697.98,2026-04-07 17:36:23.848578+0000
995534712,buy,8e-08,68695.58,2026-04-07 17:36:23.870589+0000
995534713,buy,0.01167132,68694.0,2026-04-07 17:36:23.900410+0000
995534714,sell,0.00048442,68697.96,2026-04-07 17:36:24.070442+0000
995534715,sell,0.00036392,68697.99,2026-04-07 17:36:24.122427+0000
995534716,sell,1e-07,68701.91,2026-04-07 17:36:24.234086+0000
995534717,buy,5e-08,68701.13,2026-04-07 17:36:24.352859+0000
995534718,sell,4.025e-05,68700.08,2026-04-07 17:36:24.530071+0000
995534719,sell,0.000127,68703.55,2026-04-07 17:36:24.742940+0000
995534720,sell,4.211e-05,68704.73,2026-04-07 17:36:24.874880+0000
995534721,buy,2e-08,68702.02,2026-04-07 17:36:24.986610+0000
995534722,buy,7.013e-05,68702.02,2026-04-07 17:36:25.112084+0000
995534723,buy,0.001519,68702.01,2026-04-07 17:36:25.112084+0000
995534724,buy,0.00017087,68700.04,2026-04-07 17:36:25.112084+0000
995534725,sell,0.00803179,68702.03,2026-04-07 17:36:25.322792+0000
995534726,sell,0.04948661,68702.03,2026-04-07 17:36:25.322792+0000
995534727,buy,3e-08,68702.02,2026-04-07 17:36:25.407398+0000
995534728,sell,5.4e-05,68702.03,2026-04-07 17:36:25.443477+0000
995534729,buy,4e-08,68702.02,2026-04-07 17:36:25.859403+0000
995534730,sell,0.000182,68702.03,2026-04-07 17:36:25.913812+0000
995534731,sell,1e-07,68702.03,2026-04-07 17:36:25.946687+0000
995534735,sell,0.018,68704.0,2026-04-07 17:36:26.167977+0000
995534732,sell,0.01434122,68702.03,2026-04-07 17:36:26.167977+0000
995534733,sell,0.0001456,68702.03,2026-04-07 17:36:26.167977+0000
995534734,sell,0.08733207,68703.28,2026-04-07 17:36:26.167977+0000
995534737,sell,1.7e-05,68707.14,2026-04-07 17:36:26.172010+0000
995534736,sell,0.018,68706.0,2026-04-07 17:36:26.172010+0000
995534738,sell,0.04373014,68707.66,2026-04-07 17:36:26.178846+0000
995534739,sell,0.021,68709.81,2026-04-07 17:36:26.178846+0000
995534740,sell,0.02183502,68710.15,2026-04-07 17:36:26.178846+0000
995534741,sell,1.7e-05,68710.48,2026-04-07 17:36:26.178846+0000
995534742,sell,0.04827525,68711.28,2026-04-07 17:36:26.178846+0000
995534743,sell,2.3e-07,68706.32,2026-04-07 17:36:26.298869+0000
995534744,buy,2e-08,68708.78,2026-04-07 17:36:26.331296+0000
995534746,buy,0.001521,68705.82,2026-04-07 17:36:26.643380+0000
995534745,buy,0.01018781,68706.38,2026-04-07 17:36:26.643380+0000
995534747,buy,0.0394,68705.56,2026-04-07 17:36:26.653107+0000
995534748,buy,0.00433014,68705.56,2026-04-07 17:36:26.653316+0000
995534761,sell,0.11797175,68711.22,2026-04-07 17:36:26.670689+0000
995534760,sell,0.018,68710.0,2026-04-07 17:36:26.670689+0000
995534759,sell,0.018,68708.0,2026-04-07 17:36:26.670689+0000
995534758,sell,0.08732623,68707.88,2026-04-07 17:36:26.670689+0000
995534757,sell,0.018,68706.0,2026-04-07 17:36:26.670689+0000
995534756,sell,0.1035132,68705.81,2026-04-07 17:36:26.670689+0000
995534754,sell,0.17056721,68705.57,2026-04-07 17:36:26.670689+0000
995534753,sell,0.022288,68705.56,2026-04-07 17:36:26.670689+0000
995534752,sell,0.02,68705.56,2026-04-07 17:36:26.670689+0000
995534751,sell,0.03176392,68703.16,2026-04-07 17:36:26.670689+0000
995534750,sell,0.02847,68703.16,2026-04-07 17:36:26.670689+0000
995534749,sell,0.0162,68703.16,2026-04-07 17:36:26.670689+0000
995534755,sell,0.1312,68705.57,2026-04-07 17:36:26.670689+0000
995534762,buy,3e-08,68703.16,2026-04-07 17:36:26.726390+0000
995534763,sell,0.00176823,68710.0,2026-04-07 17:36:26.866251+0000
995534774,sell,0.02406826,68715.0,2026-04-07 17:36:26.867096+0000
995534773,sell,0.1312,68714.03,2026-04-07 17:36:26.867096+0000
995534772,sell,0.018,68714.0,2026-04-07 17:36:26.867096+0000
995534771,sell,1.7e-05,68713.82,2026-04-07 17:36:26.867096+0000
995534770,sell,0.021,68712.86,2026-04-07 17:36:26.867096+0000
995534766,sell,0.04373014,68711.96,2026-04-07 17:36:26.867096+0000
995534768,sell,0.018,68712.0,2026-04-07 17:36:26.867096+0000
995534767,sell,0.021,68711.97,2026-04-07 17:36:26.867096+0000
995534765,sell,0.02183297,68710.78,2026-04-07 17:36:26.867096+0000
995534764,sell,0.01623177,68710.0,2026-04-07 17:36:26.867096+0000
995534769,sell,0.10161955,68712.85,2026-04-07 17:36:26.867096+0000
995534779,sell,0.04283689,68714.8,2026-04-07 17:36:26.893113+0000
995534778,sell,0.018,68714.0,2026-04-07 17:36:26.893113+0000
995534776,sell,0.04373014,68710.04,2026-04-07 17:36:26.893113+0000
995534775,sell,0.0536,68710.0,2026-04-07 17:36:26.893113+0000
995534777,sell,0.02183297,68710.78,2026-04-07 17:36:26.893113+0000
995534780,sell,0.000199,68709.01,2026-04-07 17:36:26.932993+0000
995534781,sell,0.0016876,68709.01,2026-04-07 17:36:26.995453+0000
995534782,buy,0.04373014,68711.36,2026-04-07 17:36:27.026575+0000
995534783,buy,0.04373014,68710.13,2026-04-07 17:36:27.038431+0000
995534784,buy,0.00036384,68709.01,2026-04-07 17:36:27.055290+0000
995534785,buy,3e-08,68707.75,2026-04-07 17:36:27.130895+0000
995534786,sell,7.036e-05,68705.36,2026-04-07 17:36:27.286382+0000
995534787,buy,2e-08,68705.35,2026-04-07 17:36:27.553813+0000
995534788,sell,1e-07,68705.36,2026-04-07 17:36:27.659599+0000
995534789,buy,0.17056721,68705.35,2026-04-07 17:36:27.780889+0000
995534790,buy,3e-08,68704.55,2026-04-07 17:36:27.959534+0000
995534791,buy,0.02481837,68704.55,2026-04-07 17:36:28.191340+0000
995534792,buy,7.015e-05,68700.48,2026-04-07 17:36:28.215628+0000
995534793,buy,0.0248184,68700.48,2026-04-07 17:36:28.215628+0000
995534794,buy,1.7e-05,68700.46,2026-04-07 17:36:28.215628+0000
995534795,buy,6e-08,68698.01,2026-04-07 17:36:28.387488+0000
995534796,sell,0.00081422,68698.02,2026-04-07 17:36:28.470234+0000
995534806,buy,0.01590428,68692.0,2026-04-07 17:36:28.601392+0000
995534804,buy,1.7e-05,68693.78,2026-04-07 17:36:28.601392+0000
995534805,buy,0.0127369,68692.36,2026-04-07 17:36:28.601392+0000
995534803,buy,0.018,68694.0,2026-04-07 17:36:28.601392+0000
995534798,buy,0.001522,68698.01,2026-04-07 17:36:28.601392+0000
995534801,buy,0.01018952,68695.6,2026-04-07 17:36:28.601392+0000
995534800,buy,0.0171,68696.0,2026-04-07 17:36:28.601392+0000
995534799,buy,1.7e-05,68697.12,2026-04-07 17:36:28.601392+0000
995534797,buy,0.02481834,68698.01,2026-04-07 17:36:28.601392+0000
995534802,buy,0.01,68695.0,2026-04-07 17:36:28.601392+0000
995534807,buy,3e-08,68696.08,2026-04-07 17:36:28.887745+0000
995534808,buy,0.02491837,68696.08,2026-04-07 17:36:29.029752+0000
995534809,buy,0.0249184,68696.07,2026-04-07 17:36:29.029752+0000
995534810,buy,0.0249184,68696.06,2026-04-07 17:36:29.029752+0000
995534811,buy,0.0249184,68696.05,2026-04-07 17:36:29.029752+0000
995534812,buy,0.0249184,68696.04,2026-04-07 17:36:29.029752+0000
995534813,buy,0.0249184,68696.03,2026-04-07 17:36:29.029752+0000
995534814,buy,0.00283838,68696.02,2026-04-07 17:36:29.029752+0000
995534815,buy,0.02068474,68696.02,2026-04-07 17:36:29.033570+0000
995534816,buy,0.00139528,68696.02,2026-04-07 17:36:29.033616+0000
995534817,buy,0.00017699,68696.01,2026-04-07 17:36:29.037725+0000
995534818,buy,0.00029617,68696.01,2026-04-07 17:36:29.037738+0000
995534819,buy,0.00018819,68696.01,2026-04-07 17:36:29.038094+0000
995534820,buy,0.00017871,68696.01,2026-04-07 17:36:29.038294+0000
995534821,buy,0.0011471,68696.01,2026-04-07 17:36:29.038609+0000
995534822,buy,0.00683247,68696.01,2026-04-07 17:36:29.038890+0000
995534823,buy,0.00022618,68696.01,2026-04-07 17:36:29.039104+0000
995534824,buy,0.00042093,68696.01,2026-04-07 17:36:29.039548+0000
995534825,buy,0.00025293,68696.01,2026-04-07 17:36:29.039923+0000
995534826,buy,0.00015676,68696.01,2026-04-07 17:36:29.039952+0000
995534827,buy,0.00145095,68696.01,2026-04-07 17:36:29.040322+0000
995534828,buy,0.00208972,68696.01,2026-04-07 17:36:29.040560+0000
995534829,buy,0.00018816,68696.01,2026-04-07 17:36:29.040798+0000
995534830,buy,0.00031626,68696.01,2026-04-07 17:36:29.040885+0000
995534831,buy,0.00028289,68696.01,2026-04-07 17:36:29.041202+0000
995534832,buy,0.00039054,68696.01,2026-04-07 17:36:29.041467+0000
995534833,buy,0.00027104,68696.01,2026-04-07 17:36:29.042561+0000
995534834,buy,0.0004338,68696.01,2026-04-07 17:36:29.042655+0000
995534835,buy,0.00018076,68696.01,2026-04-07 17:36:29.043062+0000
995534836,buy,0.00018622,68696.01,2026-04-07 17:36:29.043395+0000
995534837,buy,0.0001991,68696.01,2026-04-07 17:36:29.043703+0000
995534838,buy,0.01455709,68695.05,2026-04-07 17:36:29.044260+0000
995534839,buy,0.001522,68692.36,2026-04-07 17:36:29.050634+0000
995534840,buy,0.00141833,68692.0,2026-04-07 17:36:29.050634+0000
995534842,buy,0.01165826,68688.0,2026-04-07 17:36:29.125427+0000
995534841,buy,1.7e-05,68690.44,2026-04-07 17:36:29.125427+0000
995534843,sell,1e-07,68687.12,2026-04-07 17:36:29.333402+0000
995534844,buy,4e-08,68687.11,2026-04-07 17:36:29.357899+0000
995534845,buy,0.00036385,68687.11,2026-04-07 17:36:29.491067+0000
995534846,buy,3.508e-05,68687.11,2026-04-07 17:36:29.495551+0000
995534847,buy,1.7e-05,68687.1,2026-04-07 17:36:29.495551+0000
995534848,sell,5.321e-05,68686.13,2026-04-07 17:36:29.518101+0000
995534849,sell,0.02841679,68686.13,2026-04-07 17:36:29.739427+0000
995534850,sell,0.01290161,68686.13,2026-04-07 17:36:29.739427+0000
995534851,sell,0.01444609,68686.13,2026-04-07 17:36:29.740110+0000
995534852,sell,0.0002057,68686.13,2026-04-07 17:36:29.740110+0000
995534853,sell,0.0587184,68690.38,2026-04-07 17:36:29.774328+0000
995534854,sell,0.0413184,68690.38,2026-04-07 17:36:29.774349+0000
995534855,sell,0.00036396,68690.67,2026-04-07 17:36:29.785908+0000
995534856,sell,0.05835444,68690.68,2026-04-07 17:36:29.785908+0000
995534857,sell,0.01434556,68690.68,2026-04-07 17:36:29.785958+0000
995534858,buy,3e-08,68689.34,2026-04-07 17:36:30.107735+0000
995534859,sell,0.01401589,68690.39,2026-04-07 17:36:30.419334+0000
995534860,sell,0.0727,68690.93,2026-04-07 17:36:30.419334+0000
995534861,sell,0.0101908,68691.79,2026-04-07 17:36:30.421146+0000
995534862,sell,0.0127385,68695.03,2026-04-07 17:36:30.422048+0000
995534863,sell,1.7e-05,68697.12,2026-04-07 17:36:30.423393+0000
995534864,buy,4e-08,68702.96,2026-04-07 17:36:30.657833+0000
995534866,buy,0.001524,68700.49,2026-04-07 17:36:30.694147+0000
995534865,buy,0.01018878,68700.55,2026-04-07 17:36:30.694147+0000
995534867,buy,0.01018878,68700.55,2026-04-07 17:36:30.697680+0000
995534868,buy,0.00036393,68695.02,2026-04-07 17:36:30.769127+0000
995534869,buy,0.01018938,68694.91,2026-04-07 17:36:30.769127+0000
995534870,sell,1e-07,68692.44,2026-04-07 17:36:31.019699+0000
995534871,buy,5e-08,68692.43,2026-04-07 17:36:31.095183+0000
995534872,sell,0.02077768,68692.44,2026-04-07 17:36:31.206505+0000
995534873,sell,0.00036394,68692.44,2026-04-07 17:36:31.206505+0000
995534874,sell,0.01273,68698.09,2026-04-07 17:36:31.209596+0000
995534875,sell,0.0292,68699.35,2026-04-07 17:36:31.230047+0000
995534877,buy,0.00254859,68702.16,2026-04-07 17:36:31.534325+0000
995534876,buy,0.00036388,68702.17,2026-04-07 17:36:31.534325+0000
995534878,buy,3e-08,68702.16,2026-04-07 17:36:31.537698+0000
995534879,sell,0.0011,68705.98,2026-04-07 17:36:31.634199+0000
995534880,sell,0.00028228,68706.98,2026-04-07 17:36:31.634199+0000
995534881,sell,0.00013862,68708.49,2026-04-07 17:36:31.957315+0000
995534882,buy,5e-08,68708.48,2026-04-07 17:36:31.986105+0000
995534883,buy,2e-08,68710.11,2026-04-07 17:36:32.393924+0000
995534884,sell,1e-07,68710.48,2026-04-07 17:36:32.740230+0000
995534885,buy,2e-08,68710.47,2026-04-07 17:36:32.834278+0000
995534886,buy,3e-08,68710.47,2026-04-07 17:36:33.329497+0000
995534887,buy,0.001525,68710.2,2026-04-07 17:36:33.434357+0000
995534888,buy,0.02183848,68707.99,2026-04-07 17:36:33.450748+0000
995534889,sell,0.04669116,68709.26,2026-04-07 17:36:33.487226+0000
995534890,sell,0.04063332,68709.26,2026-04-07 17:36:33.488836+0000
995534891,sell,1.69e-05,68710.48,2026-04-07 17:36:33.488836+0000
995534892,sell,2.3e-07,68710.8,2026-04-07 17:36:33.488836+0000
995534893,sell,2.3e-07,68710.81,2026-04-07 17:36:33.488836+0000
995534894,sell,2.3e-07,68710.82,2026-04-07 17:36:33.488836+0000
995534895,sell,0.02183246,68712.33,2026-04-07 17:36:33.488836+0000
995534896,sell,1.7e-05,68713.82,2026-04-07 17:36:33.488836+0000
995534897,sell,0.02235054,68714.47,2026-04-07 17:36:33.488836+0000
995534898,sell,1.7e-05,68717.16,2026-04-07 17:36:33.517148+0000
995534899,sell,0.0597014,68717.87,2026-04-07 17:36:33.517148+0000
995534900,sell,0.0129986,68717.87,2026-04-07 17:36:33.517345+0000
995534901,sell,1.7e-05,68720.5,2026-04-07 17:36:33.548200+0000
995534902,sell,9.584e-05,68721.18,2026-04-07 17:36:33.548200+0000
995534903,sell,1.7e-05,68723.84,2026-04-07 17:36:33.548200+0000
995534904,sell,0.025,68724.09,2026-04-07 17:36:33.548200+0000
995534905,sell,0.00048856,68724.2,2026-04-07 17:36:33.548200+0000
995534906,sell,0.01733954,68724.2,2026-04-07 17:36:33.563160+0000
995534907,sell,0.0178281,68724.2,2026-04-07 17:36:33.571013+0000
995534909,sell,0.0240184,68728.09,2026-04-07 17:36:33.582609+0000
995534908,sell,1.7e-05,68727.18,2026-04-07 17:36:33.582609+0000
995534910,buy,0.00071,68730.88,2026-04-07 17:36:33.612288+0000
995534911,buy,0.00071,68730.88,2026-04-07 17:36:33.612409+0000
995534912,sell,1.7e-05,68737.2,2026-04-07 17:36:33.621054+0000
995534913,sell,0.00071,68739.68,2026-04-07 17:36:33.621096+0000
995534914,sell,0.00071,68739.68,2026-04-07 17:36:33.621152+0000
995534915,sell,0.00071,68739.68,2026-04-07 17:36:33.621305+0000
995534916,sell,0.00071,68739.68,2026-04-07 17:36:33.621444+0000
995534917,sell,0.00071,68739.68,2026-04-07 17:36:33.621524+0000
995534918,sell,0.00071,68739.68,2026-04-07 17:36:33.622179+0000
995534919,sell,0.00071,68739.68,2026-04-07 17:36:33.622369+0000
995534920,sell,0.00071,68739.68,2026-04-07 17:36:33.622406+0000
995534921,sell,0.00071,68739.68,2026-04-07 17:36:33.622524+0000
995534922,sell,0.00071,68739.68,2026-04-07 17:36:33.622680+0000
995534923,sell,0.00071,68739.68,2026-04-07 17:36:33.622707+0000
995534924,sell,0.00071,68739.68,2026-04-07 17:36:33.623030+0000
995534925,buy,4e-08,68736.0,2026-04-07 17:36:33.756564+0000
995534926,sell,0.01648,68736.97,2026-04-07 17:36:33.773584+0000
995534932,buy,2.969e-05,68734.08,2026-04-07 17:36:33.803777+0000
995534931,buy,3.091e-05,68734.44,2026-04-07 17:36:33.803777+0000
995534930,buy,0.00064974,68734.54,2026-04-07 17:36:33.803777+0000
995534928,buy,1.739e-05,68735.55,2026-04-07 17:36:33.803777+0000
995534927,buy,0.0003637,68736.96,2026-04-07 17:36:33.803777+0000
995534929,buy,2.318e-05,68735.01,2026-04-07 17:36:33.803777+0000
995534933,buy,2e-07,68733.62,2026-04-07 17:36:34.147959+0000
995534934,buy,0.0015258,68733.62,2026-04-07 17:36:34.277739+0000
995534935,buy,0.00227694,68733.62,2026-04-07 17:36:34.277739+0000
995534936,buy,0.17056721,68733.62,2026-04-07 17:36:34.277739+0000
995534937,buy,0.00291881,68730.0,2026-04-07 17:36:34.287521+0000
995534938,sell,0.00011716,68730.02,2026-04-07 17:36:34.323236+0000
995534939,sell,1e-07,68733.62,2026-04-07 17:36:34.432890+0000
995534940,buy,1e-07,68733.61,2026-04-07 17:36:34.534798+0000
995534941,buy,0.00151795,68733.62,2026-04-07 17:36:34.793085+0000
995534942,buy,1e-08,68733.62,2026-04-07 17:36:34.793185+0000
995534943,buy,0.001526,68733.34,2026-04-07 17:36:34.797401+0000
995534944,buy,3e-08,68732.09,2026-04-07 17:36:34.976585+0000
995534945,sell,0.00036373,68732.1,2026-04-07 17:36:35.099121+0000
995534946,sell,0.00170346,68733.63,2026-04-07 17:36:35.128591+0000
995534947,buy,0.00011569,68736.0,2026-04-07 17:36:35.177383+0000
995534948,buy,6e-08,68739.67,2026-04-07 17:36:35.365814+0000
995534949,sell,1.7e-05,68740.54,2026-04-07 17:36:35.445061+0000
995534950,sell,0.00825,68740.55,2026-04-07 17:36:35.458307+0000
995534951,sell,0.003,68742.69,2026-04-07 17:36:35.616948+0000
995534952,sell,0.003,68742.69,2026-04-07 17:36:35.617543+0000
995534953,sell,0.00225,68742.69,2026-04-07 17:36:35.637288+0000
995534954,sell,0.00209116,68743.69,2026-04-07 17:36:35.637288+0000
995534955,sell,0.00560121,68743.69,2026-04-07 17:36:35.637288+0000
995534956,sell,0.00264879,68743.69,2026-04-07 17:36:35.641492+0000
995534957,sell,0.00474261,68746.25,2026-04-07 17:36:35.642049+0000
995534958,sell,0.01457184,68746.25,2026-04-07 17:36:35.642251+0000
995534959,sell,0.02386574,68746.25,2026-04-07 17:36:35.642513+0000
995534960,sell,0.01720934,68746.25,2026-04-07 17:36:35.643272+0000
995534961,sell,0.01231047,68746.25,2026-04-07 17:36:35.648859+0000
995534962,sell,0.025,68749.11,2026-04-07 17:36:35.652372+0000
995534963,sell,0.00022,68750.0,2026-04-07 17:36:35.657783+0000
995534964,sell,0.08352381,68750.0,2026-04-07 17:36:35.661287+0000
995534965,sell,0.17376619,68750.0,2026-04-07 17:36:35.662421+0000
995534966,sell,0.00025397,68750.0,2026-04-07 17:36:35.682959+0000
995534967,buy,0.06644874,68749.99,2026-04-07 17:36:35.752744+0000
995534968,buy,4e-08,68749.99,2026-04-07 17:36:35.786354+0000
995534969,sell,1e-07,68750.0,2026-04-07 17:36:36.078912+0000
995534970,sell,0.0402184,68750.0,2026-04-07 17:36:36.090911+0000
995534971,sell,0.0598184,68750.0,2026-04-07 17:36:36.091045+0000
995534972,sell,0.0404184,68750.0,2026-04-07 17:36:36.133510+0000
995534973,sell,0.0596184,68750.0,2026-04-07 17:36:36.134013+0000
995534974,sell,0.0594184,68750.0,2026-04-07 17:36:36.144872+0000
995534975,sell,0.0406184,68750.0,2026-04-07 17:36:36.144952+0000
995534976,sell,0.0681,68750.0,2026-04-07 17:36:36.145645+0000
995534977,sell,0.0275,68750.0,2026-04-07 17:36:36.148340+0000
995534978,sell,0.0173,68750.0,2026-04-07 17:36:36.148517+0000
995534979,sell,0.0612,68750.0,2026-04-07 17:36:36.148963+0000
995534980,sell,0.0408184,68750.0,2026-04-07 17:36:36.157914+0000
995534981,sell,0.0592184,68750.0,2026-04-07 17:36:36.158462+0000
995534982,sell,0.34394441,68750.0,2026-04-07 17:36:36.160325+0000
995534983,sell,0.02478519,68750.0,2026-04-07 17:36:36.161498+0000
995534984,sell,0.0062,68750.0,2026-04-07 17:36:36.162264+0000
995534985,sell,0.003,68750.0,2026-04-07 17:36:36.164968+0000
995534987,sell,0.01401589,68750.0,2026-04-07 17:36:36.168569+0000
995534988,sell,1.6e-05,68757.24,2026-04-07 17:36:36.168569+0000
995534986,sell,0.04009481,68750.0,2026-04-07 17:36:36.168569+0000
995534989,buy,0.05694,68764.69,2026-04-07 17:36:36.195794+0000
995534990,buy,0.05694,68764.69,2026-04-07 17:36:36.195794+0000
995534991,buy,0.05694,68764.69,2026-04-07 17:36:36.195794+0000
995534992,buy,0.03092,68764.69,2026-04-07 17:36:36.195794+0000
995534993,buy,0.00036356,68764.69,2026-04-07 17:36:36.195800+0000
995535001,sell,0.1312,68769.41,2026-04-07 17:36:36.222435+0000
995535000,sell,0.0291,68769.2,2026-04-07 17:36:36.222435+0000
995534999,sell,0.00019971,68768.77,2026-04-07 17:36:36.222435+0000
995534995,sell,0.0084,68764.7,2026-04-07 17:36:36.222435+0000
995534997,sell,0.03886485,68765.99,2026-04-07 17:36:36.222435+0000
995534996,sell,0.0084,68764.7,2026-04-07 17:36:36.222435+0000
995534998,sell,0.00180054,68766.67,2026-04-07 17:36:36.222435+0000
995534994,sell,0.00036358,68764.69,2026-04-07 17:36:36.222435+0000
995535003,sell,0.00145425,68770.7,2026-04-07 17:36:36.223173+0000
995535002,sell,0.09223216,68769.4,2026-04-07 17:36:36.223173+0000
995535005,sell,0.00339769,68774.12,2026-04-07 17:36:36.225797+0000
995535004,sell,0.08724357,68772.98,2026-04-07 17:36:36.225797+0000
995535012,sell,0.26170487,68779.59,2026-04-07 17:36:36.234598+0000
995535011,sell,4.608e-05,68778.29,2026-04-07 17:36:36.234598+0000
995535010,sell,0.29079163,68777.77,2026-04-07 17:36:36.234598+0000
995535006,sell,0.025,68774.13,2026-04-07 17:36:36.234598+0000
995535008,sell,1.6e-05,68777.28,2026-04-07 17:36:36.234598+0000
995535009,sell,0.00727127,68777.57,2026-04-07 17:36:36.234598+0000
995535007,sell,0.1312,68776.8,2026-04-07 17:36:36.234598+0000
995535013,sell,0.04364839,68777.07,2026-04-07 17:36:36.239119+0000
995535014,buy,1e-07,68776.26,2026-04-07 17:36:36.261528+0000
995535015,sell,0.00407553,68780.49,2026-04-07 17:36:36.283427+0000
995535016,sell,0.00034106,68781.0,2026-04-07 17:36:36.283427+0000
995535017,sell,0.00117947,68781.0,2026-04-07 17:36:36.283427+0000
995535018,sell,3e-05,68781.32,2026-04-07 17:36:36.283427+0000
995535019,sell,0.00342849,68786.67,2026-04-07 17:36:36.335280+0000
995535020,sell,0.00587151,68789.15,2026-04-07 17:36:36.335280+0000
995535022,buy,0.03092,68786.66,2026-04-07 17:36:36.338584+0000
995535021,buy,0.05694,68786.66,2026-04-07 17:36:36.338584+0000
995535024,buy,0.03092,68786.66,2026-04-07 17:36:36.340465+0000
995535023,buy,0.02602,68786.66,2026-04-07 17:36:36.340465+0000
995535025,buy,0.03092,68786.66,2026-04-07 17:36:36.349517+0000
995535026,buy,0.01270514,68786.66,2026-04-07 17:36:36.391107+0000
995535027,buy,0.01423,68783.92,2026-04-07 17:36:36.391107+0000
995535028,buy,0.03092,68782.71,2026-04-07 17:36:36.391107+0000
995535029,buy,0.04362514,68781.15,2026-04-07 17:36:36.391107+0000
995535030,buy,0.01367366,68780.49,2026-04-07 17:36:36.391107+0000
995535031,buy,0.02695455,68784.98,2026-04-07 17:36:36.448264+0000
995535032,buy,2.262e-05,68783.8,2026-04-07 17:36:36.462788+0000
995535033,buy,0.00076027,68781.33,2026-04-07 17:36:36.466869+0000
995535034,buy,0.00894835,68781.33,2026-04-07 17:36:36.473973+0000
995535035,buy,0.00583749,68781.33,2026-04-07 17:36:36.473976+0000
995535036,buy,0.04737988,68781.33,2026-04-07 17:36:36.474362+0000
995535037,buy,0.1035132,68781.32,2026-04-07 17:36:36.474362+0000
995535038,buy,0.00036346,68780.49,2026-04-07 17:36:36.477327+0000
995535039,buy,0.001527,68780.49,2026-04-07 17:36:36.477327+0000
995535040,buy,0.00101197,68780.49,2026-04-07 17:36:36.477327+0000
995535041,buy,0.06292599,68781.33,2026-04-07 17:36:36.485348+0000
995535042,buy,0.00067465,68780.49,2026-04-07 17:36:36.489739+0000
995535043,buy,0.06292599,68781.33,2026-04-07 17:36:36.493455+0000
995535044,buy,0.00067465,68780.49,2026-04-07 17:36:36.496842+0000
995535045,buy,0.00022488,68780.49,2026-04-07 17:36:36.561283+0000
995535046,buy,0.04362514,68779.76,2026-04-07 17:36:36.563495+0000
995535047,buy,0.00933974,68778.08,2026-04-07 17:36:36.563495+0000
995535048,buy,0.0008371,68778.08,2026-04-07 17:36:36.569885+0000
995535049,buy,0.01272105,68774.84,2026-04-07 17:36:36.712505+0000
995535050,buy,0.03090409,68774.43,2026-04-07 17:36:36.712505+0000
995535051,buy,0.01272105,68774.84,2026-04-07 17:36:36.721281+0000
995535052,buy,2e-08,68772.09,2026-04-07 17:36:36.726004+0000
995535053,sell,0.00012508,68775.91,2026-04-07 17:36:36.795579+0000
995535054,buy,0.04362514,68772.03,2026-04-07 17:36:36.840523+0000
995535055,buy,0.04362514,68775.89,2026-04-07 17:36:36.850714+0000
995535056,buy,0.04362514,68775.89,2026-04-07 17:36:36.864161+0000
995535057,buy,0.04362514,68775.89,2026-04-07 17:36:36.870335+0000
995535058,buy,0.04362514,68774.53,2026-04-07 17:36:36.903055+0000
995535059,buy,0.04362514,68775.88,2026-04-07 17:36:36.967948+0000
995535060,buy,0.04362514,68775.88,2026-04-07 17:36:36.974825+0000
995535061,buy,0.04362514,68775.88,2026-04-07 17:36:37.055029+0000
995535062,buy,0.00477932,68775.88,2026-04-07 17:36:37.055029+0000
995535063,sell,0.003,68775.89,2026-04-07 17:36:37.059148+0000
995535065,sell,0.0003635,68775.89,2026-04-07 17:36:37.101510+0000
995535064,sell,0.0001309,68775.89,2026-04-07 17:36:37.101510+0000
995535066,buy,3e-08,68780.99,2026-04-07 17:36:37.124550+0000
995535067,buy,0.00036345,68783.06,2026-04-07 17:36:37.267035+0000
995535068,buy,0.001527,68783.05,2026-04-07 17:36:37.267035+0000
995535069,buy,0.04209384,68779.99,2026-04-07 17:36:37.276890+0000
995535070,buy,0.0015313,68779.99,2026-04-07 17:36:37.323822+0000
995535071,buy,0.0127,68774.33,2026-04-07 17:36:37.439546+0000
995535072,buy,2e-08,68770.97,2026-04-07 17:36:37.523521+0000
995535075,buy,0.07115718,68770.6,2026-04-07 17:36:37.551370+0000
995535073,buy,0.001527,68770.99,2026-04-07 17:36:37.551370+0000
995535074,buy,0.0059841,68770.68,2026-04-07 17:36:37.551370+0000
995535076,sell,1e-07,68769.99,2026-04-07 17:36:37.762178+0000
995535077,buy,3e-08,68771.07,2026-04-07 17:36:37.943137+0000
995535094,sell,0.19738906,68786.97,2026-04-07 17:36:38.105601+0000
995535093,sell,0.00145391,68786.52,2026-04-07 17:36:38.105601+0000
995535092,sell,0.0162,68786.0,2026-04-07 17:36:38.105601+0000
995535091,sell,0.04362514,68785.82,2026-04-07 17:36:38.105601+0000
995535090,sell,0.02544714,68784.68,2026-04-07 17:36:38.105601+0000
995535089,sell,0.05090755,68784.42,2026-04-07 17:36:38.105601+0000
995535088,sell,0.0162,68784.0,2026-04-07 17:36:38.105601+0000
995535087,sell,0.1312,68782.88,2026-04-07 17:36:38.105601+0000
995535086,sell,0.0162,68782.0,2026-04-07 17:36:38.105601+0000
995535084,sell,0.0162,68780.0,2026-04-07 17:36:38.105601+0000
995535083,sell,0.04362514,68779.99,2026-04-07 17:36:38.105601+0000
995535082,sell,0.02181289,68778.46,2026-04-07 17:36:38.105601+0000
995535081,sell,0.0162,68778.0,2026-04-07 17:36:38.105601+0000
995535080,sell,0.0162,68776.0,2026-04-07 17:36:38.105601+0000
995535079,sell,0.0162,68774.0,2026-04-07 17:36:38.105601+0000
995535078,sell,0.00036353,68771.97,2026-04-07 17:36:38.105601+0000
995535085,sell,1.6e-05,68780.62,2026-04-07 17:36:38.105601+0000
995535095,buy,1e-07,68772.1,2026-04-07 17:36:38.533012+0000
995535096,buy,1.1e-07,68772.1,2026-04-07 17:36:38.862453+0000
995535097,buy,4e-08,68769.69,2026-04-07 17:36:39.047877+0000
995535098,sell,0.00010133,68771.49,2026-04-07 17:36:39.159700+0000
995535099,sell,0.0115848,68772.11,2026-04-07 17:36:39.223541+0000
995535101,sell,2.3e-07,68772.99,2026-04-07 17:36:39.278838+0000
995535100,sell,2.3e-07,68772.98,2026-04-07 17:36:39.278838+0000
995535102,sell,2.3e-07,68773.0,2026-04-07 17:36:39.278838+0000
995535103,buy,0.01454059,68772.98,2026-04-07 17:36:39.429981+0000
995535104,buy,1e-07,68769.17,2026-04-07 17:36:39.476480+0000
995535105,sell,1e-07,68769.18,2026-04-07 17:36:39.489920+0000
995535107,buy,0.01017858,68767.21,2026-04-07 17:36:39.786778+0000
995535108,buy,0.00388,68766.99,2026-04-07 17:36:39.786778+0000
995535106,buy,1.6e-05,68767.26,2026-04-07 17:36:39.786778+0000
995535109,buy,5e-08,68763.92,2026-04-07 17:36:39.887978+0000
995535110,sell,0.02181533,68763.93,2026-04-07 17:36:40.034008+0000
995535111,sell,0.01454229,68764.97,2026-04-07 17:36:40.034047+0000
995535112,sell,0.01017975,68766.34,2026-04-07 17:36:40.034047+0000
995535119,sell,0.0154,68778.0,2026-04-07 17:36:40.040566+0000
995535118,sell,0.0205,68776.0,2026-04-07 17:36:40.040566+0000
995535117,sell,0.0205,68774.0,2026-04-07 17:36:40.040566+0000
995535115,sell,2.3e-07,68769.7,2026-04-07 17:36:40.040566+0000
995535113,sell,0.0727,68769.35,2026-04-07 17:36:40.040566+0000
995535116,sell,1.6e-05,68773.94,2026-04-07 17:36:40.040566+0000
995535114,sell,2.3e-07,68769.69,2026-04-07 17:36:40.040566+0000
995535120,sell,1.6e-05,68783.96,2026-04-07 17:36:40.150529+0000
995535121,buy,8e-08,68787.4,2026-04-07 17:36:40.353692+0000
995535122,buy,8e-08,68787.4,2026-04-07 17:36:40.705539+0000
995535123,sell,0.03987734,68787.41,2026-04-07 17:36:41.023473+0000
995535124,sell,0.000426,68787.41,2026-04-07 17:36:41.038298+0000
995535125,sell,1e-07,68787.41,2026-04-07 17:36:41.173353+0000
995535126,buy,5e-08,68787.4,2026-04-07 17:36:41.236030+0000
995535127,buy,2e-08,68787.4,2026-04-07 17:36:41.680687+0000
995535128,sell,0.00014538,68787.41,2026-04-07 17:36:41.817472+0000
995535129,sell,0.01401589,68787.41,2026-04-07 17:36:41.817472+0000
995535130,sell,0.01165253,68787.41,2026-04-07 17:36:41.817472+0000
995535131,sell,2.3e-07,68787.41,2026-04-07 17:36:41.817472+0000
995535132,sell,0.00322735,68787.41,2026-04-07 17:36:41.817472+0000
995535133,sell,2.3e-07,68787.42,2026-04-07 17:36:41.817472+0000
995535134,sell,5.636e-05,68787.42,2026-04-07 17:36:41.817472+0000
995535136,sell,0.03679025,68789.62,2026-04-07 17:36:41.830083+0000
995535135,sell,2.815e-05,68787.94,2026-04-07 17:36:41.830083+0000
995535137,sell,0.03580975,68789.62,2026-04-07 17:36:41.830089+0000
995535138,sell,0.0121,68789.73,2026-04-07 17:36:41.830089+0000
995535139,sell,0.0121,68789.73,2026-04-07 17:36:41.830089+0000
995535140,sell,1.6e-05,68790.64,2026-04-07 17:36:41.830089+0000
995535141,sell,0.0368184,68791.99,2026-04-07 17:36:41.840764+0000
995535142,sell,0.0205184,68791.99,2026-04-07 17:36:41.840863+0000
995535143,sell,7.597e-05,68791.89,2026-04-07 17:36:41.870113+0000
995535144,sell,0.00143956,68791.24,2026-04-07 17:36:41.896718+0000
995535145,sell,0.0368184,68791.24,2026-04-07 17:36:41.928422+0000
995535146,sell,0.0632184,68791.24,2026-04-07 17:36:41.928562+0000
995535147,buy,0.00036342,68791.07,2026-04-07 17:36:42.014769+0000
995535148,buy,7e-08,68788.66,2026-04-07 17:36:42.107807+0000
995535149,buy,6.018e-05,68787.4,2026-04-07 17:36:42.406944+0000
995535150,buy,0.00201115,68787.4,2026-04-07 17:36:42.406944+0000
995535151,buy,0.01017609,68786.25,2026-04-07 17:36:42.406944+0000
995535152,buy,0.01271968,68784.35,2026-04-07 17:36:42.406944+0000
995535153,buy,0.001527,68784.1,2026-04-07 17:36:42.415753+0000
995535154,buy,0.02180606,68783.58,2026-04-07 17:36:42.415753+0000
995535155,buy,0.02180606,68783.58,2026-04-07 17:36:42.423242+0000
995535157,buy,1.6e-05,68780.62,2026-04-07 17:36:42.428614+0000
995535156,buy,0.02180632,68781.3,2026-04-07 17:36:42.428614+0000
995535158,buy,0.0726,68780.37,2026-04-07 17:36:42.434177+0000
995535159,buy,6.712e-05,68779.99,2026-04-07 17:36:42.434177+0000
995535160,sell,1e-07,68780.01,2026-04-07 17:36:42.847695+0000
995535161,buy,5e-08,68780.0,2026-04-07 17:36:42.982406+0000
995535170,sell,0.00725801,68790.0,2026-04-07 17:36:43.050903+0000
995535167,sell,0.01401589,68787.41,2026-04-07 17:36:43.050903+0000
995535166,sell,0.02180632,68787.39,2026-04-07 17:36:43.050903+0000
995535169,sell,0.0195,68788.0,2026-04-07 17:36:43.050903+0000
995535164,sell,0.01272178,68786.03,2026-04-07 17:36:43.050903+0000
995535165,sell,1.6e-05,68787.3,2026-04-07 17:36:43.050903+0000
995535162,sell,0.00017132,68780.01,2026-04-07 17:36:43.050903+0000
995535168,sell,0.02209576,68788.0,2026-04-07 17:36:43.050903+0000
995535163,sell,0.02180972,68785.64,2026-04-07 17:36:43.050903+0000
995535171,sell,0.01224199,68790.0,2026-04-07 17:36:43.051447+0000
995535172,sell,0.0178105,68790.12,2026-04-07 17:36:43.051447+0000
995535173,sell,0.03055271,68790.98,2026-04-07 17:36:43.051447+0000
995535174,sell,0.01272172,68785.67,2026-04-07 17:36:43.057108+0000
995535175,sell,0.02180867,68787.99,2026-04-07 17:36:43.057108+0000
995535176,sell,0.00029078,68792.17,2026-04-07 17:36:43.061987+0000
995535177,sell,1.6e-05,68797.32,2026-04-07 17:36:43.080166+0000
995535178,sell,0.009,68800.0,2026-04-07 17:36:43.121298+0000
995535179,sell,0.0546184,68800.0,2026-04-07 17:36:43.121298+0000
995535180,sell,0.0364184,68800.0,2026-04-07 17:36:43.121327+0000
995535181,sell,0.00051,68799.24,2026-04-07 17:36:43.204187+0000
995535182,buy,3e-08,68799.23,2026-04-07 17:36:43.508744+0000
995535183,buy,8e-08,68799.23,2026-04-07 17:36:43.897395+0000
995535184,sell,7.694e-05,68799.24,2026-04-07 17:36:44.054762+0000
995535185,buy,4.476e-05,68799.23,2026-04-07 17:36:44.246689+0000
995535186,buy,0.001528,68799.12,2026-04-07 17:36:44.246689+0000
995535187,buy,0.0101747,68794.43,2026-04-07 17:36:44.365866+0000
995535188,buy,7.99e-06,68794.43,2026-04-07 17:36:44.365866+0000
995535189,sell,1e-07,68791.72,2026-04-07 17:36:44.573042+0000
995535190,sell,0.000129,68791.72,2026-04-07 17:36:44.731132+0000
995535192,sell,0.0112775,68791.72,2026-04-07 17:36:44.733047+0000
995535191,sell,0.0283409,68791.72,2026-04-07 17:36:44.733047+0000
995535194,sell,0.00538313,68791.72,2026-04-07 17:36:44.733560+0000
995535193,sell,0.00273839,68791.72,2026-04-07 17:36:44.733560+0000
995535195,sell,0.0001273,68791.72,2026-04-07 17:36:44.733560+0000
995535196,buy,5e-05,68792.0,2026-04-07 17:36:44.933096+0000
995535197,sell,0.00036341,68793.0,2026-04-07 17:36:44.939759+0000
995535198,sell,0.02180581,68794.55,2026-04-07 17:36:44.945280+0000
995535199,buy,0.02180131,68794.7,2026-04-07 17:36:45.402781+0000
995535200,buy,0.006,68794.7,2026-04-07 17:36:45.418217+0000
995535201,buy,0.17056721,68794.73,2026-04-07 17:36:45.519179+0000
995535202,buy,0.0003634,68794.72,2026-04-07 17:36:45.519179+0000
995535203,buy,0.07403811,68794.71,2026-04-07 17:36:45.519179+0000
995535204,buy,0.01164306,68794.02,2026-04-07 17:36:46.035218+0000
995535205,buy,0.01021742,68794.02,2026-04-07 17:36:46.138258+0000
995535206,sell,6.226e-05,68795.8,2026-04-07 17:36:46.192573+0000
995535207,sell,1e-07,68795.77,2026-04-07 17:36:46.272189+0000
995535208,sell,0.0003633,68795.77,2026-04-07 17:36:46.285094+0000
995535209,sell,0.00177084,68795.91,2026-04-07 17:36:46.296252+0000
995535210,sell,0.05431203,68800.0,2026-04-07 17:36:46.297410+0000
995535211,sell,0.50568797,68800.0,2026-04-07 17:36:46.297410+0000
995535212,sell,0.28,68800.0,2026-04-07 17:36:46.298384+0000
995535213,sell,0.53568241,68800.0,2026-04-07 17:36:46.299938+0000
995535215,sell,5.507e-05,68803.69,2026-04-07 17:36:46.356472+0000
995535214,sell,1.6e-05,68800.66,2026-04-07 17:36:46.356472+0000
995535216,sell,1.6e-05,68804.0,2026-04-07 17:36:46.432858+0000
995535218,sell,1.857e-05,68808.26,2026-04-07 17:36:46.450929+0000
995535217,sell,1.6e-05,68807.34,2026-04-07 17:36:46.450929+0000
995535219,sell,1.6e-05,68810.68,2026-04-07 17:36:46.521693+0000
995535220,sell,0.00458476,68811.24,2026-04-07 17:36:46.521693+0000
995535221,sell,1.6e-05,68814.02,2026-04-07 17:36:46.545169+0000
995535222,buy,0.05576004,68812.95,2026-04-07 17:36:46.602537+0000
995535223,buy,0.0003633,68812.96,2026-04-07 17:36:46.616657+0000
995535224,buy,0.18470886,68812.95,2026-04-07 17:36:46.616657+0000
995535225,buy,0.06631913,68812.95,2026-04-07 17:36:46.616705+0000
995535226,buy,0.06701157,68812.95,2026-04-07 17:36:46.616765+0000
995535227,buy,0.07172959,68812.95,2026-04-07 17:36:46.616956+0000
995535228,buy,0.05776749,68812.95,2026-04-07 17:36:46.621366+0000
995535229,buy,0.05827438,68812.95,2026-04-07 17:36:46.650406+0000
995535230,buy,0.33842894,68812.95,2026-04-07 17:36:46.650604+0000
995535231,buy,0.16209106,68810.67,2026-04-07 17:36:46.669377+0000
995535232,sell,0.0567184,68811.88,2026-04-07 17:36:46.880894+0000
995535233,sell,0.0158816,68811.88,2026-04-07 17:36:46.881036+0000
995535234,sell,0.00036331,68811.98,2026-04-07 17:36:46.881036+0000
995535235,sell,0.02180867,68811.99,2026-04-07 17:36:46.881036+0000
995535236,sell,0.000249,68814.75,2026-04-07 17:36:46.982885+0000
995535237,sell,7.443e-05,68814.75,2026-04-07 17:36:47.112906+0000
995535239,sell,0.01222352,68814.75,2026-04-07 17:36:47.188200+0000
995535238,sell,0.01217657,68814.75,2026-04-07 17:36:47.188200+0000
995535240,sell,0.00027648,68814.75,2026-04-07 17:36:47.188491+0000
995535245,sell,2.551e-05,68822.96,2026-04-07 17:36:47.197580+0000
995535244,sell,1.6e-05,68820.7,2026-04-07 17:36:47.197580+0000
995535241,sell,1.6e-05,68817.36,2026-04-07 17:36:47.197580+0000
995535242,sell,4.429e-05,68818.93,2026-04-07 17:36:47.197580+0000
995535243,sell,4.43e-05,68818.93,2026-04-07 17:36:47.197580+0000
995535246,sell,0.00021049,68834.06,2026-04-07 17:36:47.219776+0000
995535247,sell,1.6e-05,68837.4,2026-04-07 17:36:47.219776+0000
995535248,sell,0.1312,68838.48,2026-04-07 17:36:47.221305+0000
995535249,sell,0.00674859,68838.71,2026-04-07 17:36:47.221424+0000
995535251,sell,0.00673712,68843.59,2026-04-07 17:36:47.221424+0000
995535250,sell,0.00337429,68841.69,2026-04-07 17:36:47.221424+0000
995535259,sell,0.0009367,68850.51,2026-04-07 17:36:47.222847+0000
995535252,sell,0.00676006,68843.59,2026-04-07 17:36:47.222847+0000
995535253,sell,0.1312,68845.34,2026-04-07 17:36:47.222847+0000
995535254,sell,2.89e-05,68846.0,2026-04-07 17:36:47.222847+0000
995535255,sell,0.00029191,68846.06,2026-04-07 17:36:47.222847+0000
995535256,sell,0.025,68849.18,2026-04-07 17:36:47.222847+0000
995535257,sell,1.00009665,68850.0,2026-04-07 17:36:47.222847+0000
995535258,sell,0.00288336,68850.14,2026-04-07 17:36:47.222847+0000
995535260,sell,0.1312,68834.06,2026-04-07 17:36:47.223769+0000
995535261,sell,0.00010459,68852.21,2026-04-07 17:36:47.228109+0000
995535262,sell,0.13109541,68852.21,2026-04-07 17:36:47.228773+0000
995535263,sell,0.02699435,68853.35,2026-04-07 17:36:47.228773+0000
995535264,sell,1.6e-05,68857.44,2026-04-07 17:36:47.254923+0000
995535265,buy,1.539e-05,68850.0,2026-04-07 17:36:47.268721+0000
995535266,sell,0.02014454,68865.55,2026-04-07 17:36:47.270272+0000
995535267,sell,0.0932514,68872.77,2026-04-07 17:36:47.270272+0000
995535268,sell,0.01780406,68872.78,2026-04-07 17:36:47.270272+0000
995535271,sell,0.00109999,68857.44,2026-04-07 17:36:47.285888+0000
995535273,sell,0.00789999,68858.64,2026-04-07 17:36:47.285888+0000
995535269,sell,0.02378076,68857.44,2026-04-07 17:36:47.285888+0000
995535270,sell,0.00649999,68857.44,2026-04-07 17:36:47.285888+0000
995535272,sell,0.00399999,68857.44,2026-04-07 17:36:47.285888+0000
995535274,sell,0.00029999,68858.64,2026-04-07 17:36:47.294946+0000
995535275,sell,0.03054,68864.99,2026-04-07 17:36:47.294946+0000
995535276,sell,0.1005705,68865.55,2026-04-07 17:36:47.294946+0000
995535277,sell,0.00029999,68858.64,2026-04-07 17:36:47.309034+0000
995535281,sell,0.02599999,68865.55,2026-04-07 17:36:47.309289+0000
995535278,sell,0.0064,68858.64,2026-04-07 17:36:47.309289+0000
995535279,sell,0.0288,68860.0,2026-04-07 17:36:47.309289+0000
995535280,sell,0.0306295,68865.55,2026-04-07 17:36:47.309289+0000
995535284,buy,0.03088534,68857.44,2026-04-07 17:36:47.309382+0000
995535282,buy,1.716e-05,68858.11,2026-04-07 17:36:47.309382+0000
995535283,buy,1.75e-05,68858.06,2026-04-07 17:36:47.309382+0000
995535285,sell,0.00669999,68858.0,2026-04-07 17:36:47.313182+0000
995535286,sell,0.00669999,68858.0,2026-04-07 17:36:47.314073+0000
995535287,sell,0.00669999,68858.0,2026-04-07 17:36:47.314118+0000
995535288,sell,0.00669999,68858.0,2026-04-07 17:36:47.314610+0000
995535289,sell,0.0004324,68858.0,2026-04-07 17:36:47.314765+0000
995535290,buy,0.00036307,68857.43,2026-04-07 17:36:47.322936+0000
995535291,buy,0.0506267,68852.27,2026-04-07 17:36:47.322936+0000
995535292,sell,0.0288,68857.44,2026-04-07 17:36:47.325645+0000
995535293,sell,0.0204974,68857.44,2026-04-07 17:36:47.327345+0000
995535294,sell,0.0288,68857.44,2026-04-07 17:36:47.327348+0000
995535295,buy,0.06917961,68852.27,2026-04-07 17:36:47.328731+0000
995535296,buy,0.01845924,68850.02,2026-04-07 17:36:47.329243+0000
995535297,buy,0.00200268,68850.01,2026-04-07 17:36:47.329243+0000
995535298,buy,0.001528,68857.43,2026-04-07 17:36:47.337854+0000
995535299,buy,0.00360131,68854.35,2026-04-07 17:36:47.337854+0000
995535301,buy,0.02533899,68854.35,2026-04-07 17:36:47.337996+0000
995535300,buy,0.03495525,68854.35,2026-04-07 17:36:47.337996+0000
995535302,buy,0.00068057,68854.35,2026-04-07 17:36:47.339364+0000
995535303,buy,0.03092,68857.43,2026-04-07 17:36:47.346387+0000
995535304,buy,0.10474201,68854.35,2026-04-07 17:36:47.351284+0000
995535305,sell,0.000886,68853.99,2026-04-07 17:36:47.358255+0000
995535306,buy,0.01845924,68850.02,2026-04-07 17:36:47.373219+0000
995535307,buy,8e-08,68847.36,2026-04-07 17:36:47.386744+0000
995535308,sell,7.197e-05,68850.98,2026-04-07 17:36:47.455722+0000
995535309,buy,0.10927896,68844.01,2026-04-07 17:36:47.519202+0000
995535313,buy,0.02541343,68842.74,2026-04-07 17:36:47.533256+0000
995535311,buy,0.01517182,68842.78,2026-04-07 17:36:47.533256+0000
995535310,buy,0.001528,68843.23,2026-04-07 17:36:47.533256+0000
995535312,buy,0.01525391,68842.78,2026-04-07 17:36:47.533256+0000
995535314,sell,0.008314,68841.4,2026-04-07 17:36:47.608567+0000
995535315,sell,0.00036316,68841.37,2026-04-07 17:36:47.702135+0000
995535316,buy,8e-08,68846.65,2026-04-07 17:36:47.826752+0000
995535317,sell,5.7e-05,68852.73,2026-04-07 17:36:47.872906+0000
995535318,sell,1e-07,68853.35,2026-04-07 17:36:47.928953+0000
995535319,buy,0.00388,68860.11,2026-04-07 17:36:48.348836+0000
995535320,buy,0.00776,68860.11,2026-04-07 17:36:48.348836+0000
995535321,buy,0.00036305,68860.11,2026-04-07 17:36:48.348836+0000
995535322,buy,3e-08,68854.77,2026-04-07 17:36:48.364329+0000
995535323,sell,0.00099426,68854.78,2026-04-07 17:36:48.404348+0000
995535324,sell,0.00999981,68854.78,2026-04-07 17:36:48.420136+0000
995535325,sell,0.01954593,68854.78,2026-04-07 17:36:48.459463+0000
995535326,sell,6.541e-05,68859.99,2026-04-07 17:36:48.613140+0000
995535327,sell,0.00165,68859.99,2026-04-07 17:36:48.711747+0000
995535328,sell,0.000673,68859.99,2026-04-07 17:36:48.712465+0000
995535329,buy,5e-08,68859.98,2026-04-07 17:36:48.834508+0000
995535330,buy,0.00834746,68859.98,2026-04-07 17:36:48.983416+0000
995535331,buy,0.0059841,68859.98,2026-04-07 17:36:48.983416+0000
995535332,sell,0.00036307,68857.98,2026-04-07 17:36:49.095160+0000
995535334,sell,0.0114,68859.99,2026-04-07 17:36:49.133636+0000
995535333,sell,0.0114,68859.99,2026-04-07 17:36:49.133636+0000
995535335,sell,1.84e-05,68859.99,2026-04-07 17:36:49.133636+0000
995535336,sell,0.0448184,68859.99,2026-04-07 17:36:49.133837+0000
995535337,sell,0.0552184,68859.99,2026-04-07 17:36:49.164233+0000
995535338,buy,8e-08,68862.0,2026-04-07 17:36:49.402549+0000
995535339,sell,1e-07,68864.76,2026-04-07 17:36:49.587993+0000
995535340,sell,0.000144,68864.76,2026-04-07 17:36:49.618920+0000
995535341,sell,0.006,68864.76,2026-04-07 17:36:49.622542+0000
995535342,sell,0.0125,68864.8,2026-04-07 17:36:49.645241+0000
995535343,sell,1.6e-05,68867.46,2026-04-07 17:36:49.687025+0000
995535344,sell,0.0666,68872.76,2026-04-07 17:36:49.778500+0000
995535346,sell,0.025,68874.2,2026-04-07 17:36:49.779862+0000
995535345,sell,1.6e-05,68874.14,2026-04-07 17:36:49.779862+0000
995535347,buy,7e-08,68877.47,2026-04-07 17:36:49.805734+0000
995535348,sell,1.6e-05,68877.48,2026-04-07 17:36:49.997862+0000
995535349,sell,0.00555,68877.48,2026-04-07 17:36:49.997862+0000
995535350,sell,0.00555,68877.48,2026-04-07 17:36:49.997862+0000
995535351,buy,5.873e-05,68881.99,2026-04-07 17:36:50.050551+0000
995535352,buy,0.0278184,68881.99,2026-04-07 17:36:50.133399+0000
995535353,buy,0.0003516,68881.99,2026-04-07 17:36:50.133399+0000
995535354,buy,0.0101623,68879.58,2026-04-07 17:36:50.223961+0000
995535355,buy,0.00152,68877.42,2026-04-07 17:36:50.228589+0000
995535358,buy,0.01270288,68876.32,2026-04-07 17:36:50.228847+0000
995535357,buy,0.03360318,68876.35,2026-04-07 17:36:50.228847+0000
995535356,buy,8e-06,68877.42,2026-04-07 17:36:50.228847+0000
995535359,buy,8e-08,68871.99,2026-04-07 17:36:50.277093+0000
995535360,buy,0.01016336,68869.82,2026-04-07 17:36:50.328394+0000
995535361,buy,0.01270512,68864.15,2026-04-07 17:36:50.363336+0000
995535362,sell,0.03054,68859.99,2026-04-07 17:36:50.466991+0000
995535363,sell,0.00036306,68860.0,2026-04-07 17:36:50.466991+0000
995535364,sell,0.08713182,68861.18,2026-04-07 17:36:50.466991+0000
995535365,sell,0.0288,68862.0,2026-04-07 17:36:50.466991+0000
995535366,sell,0.0288,68864.0,2026-04-07 17:36:50.466991+0000
995535367,sell,0.17056721,68864.14,2026-04-07 17:36:50.466991+0000
995535368,buy,1.9e-07,68876.31,2026-04-07 17:36:50.695291+0000
995535369,sell,0.00143897,68874.05,2026-04-07 17:36:51.123482+0000
995535370,sell,0.02910103,68874.05,2026-04-07 17:36:51.139453+0000
995535371,buy,1e-07,68876.98,2026-04-07 17:36:51.159740+0000
995535372,sell,1e-07,68877.01,2026-04-07 17:36:51.249395+0000
995535373,sell,0.00011602,68877.01,2026-04-07 17:36:51.253613+0000
995535374,sell,0.04,68880.0,2026-04-07 17:36:51.281701+0000
995535375,sell,1.6e-05,68880.82,2026-04-07 17:36:51.281701+0000
995535376,sell,0.0132024,68881.74,2026-04-07 17:36:51.281701+0000
995535377,sell,0.0468184,68881.74,2026-04-07 17:36:51.282097+0000
995535380,sell,0.00570157,68889.83,2026-04-07 17:36:51.647744+0000
995535378,sell,0.03541683,68888.57,2026-04-07 17:36:51.647744+0000
995535379,sell,0.0125,68889.83,2026-04-07 17:36:51.647744+0000
995535381,buy,3e-08,68889.82,2026-04-07 17:36:51.662811+0000
995535382,sell,0.00679843,68889.83,2026-04-07 17:36:51.689982+0000
995535384,sell,0.00728679,68899.22,2026-04-07 17:36:52.055375+0000
995535383,sell,1.6e-05,68897.52,2026-04-07 17:36:52.055375+0000
995535385,buy,4e-08,68899.21,2026-04-07 17:36:52.069304+0000
995535386,buy,0.03091996,68899.21,2026-04-07 17:36:52.071952+0000
995535387,sell,0.000985,68899.22,2026-04-07 17:36:52.381920+0000
995535388,sell,0.0003021,68896.81,2026-04-07 17:36:52.455958+0000
995535389,buy,3e-08,68898.0,2026-04-07 17:36:52.513838+0000
995535390,sell,0.01401589,68899.22,2026-04-07 17:36:52.751181+0000
995535391,sell,0.0168,68899.22,2026-04-07 17:36:52.751181+0000
995535393,sell,0.01,68900.0,2026-04-07 17:36:52.763606+0000
995535392,sell,0.02365149,68900.0,2026-04-07 17:36:52.763606+0000
995535394,sell,3.282e-05,68901.87,2026-04-07 17:36:52.888798+0000
995535395,sell,0.0168,68901.87,2026-04-07 17:36:52.888798+0000
995535396,sell,1e-07,68904.2,2026-04-07 17:36:52.912084+0000
995535397,buy,0.02771,68904.19,2026-04-07 17:36:53.021712+0000
995535398,buy,7e-08,68903.33,2026-04-07 17:36:53.066701+0000
995535399,buy,0.00387993,68903.33,2026-04-07 17:36:53.221894+0000
995535400,buy,6.197e-05,68903.33,2026-04-07 17:36:53.221894+0000
995535401,buy,0.00776,68900.01,2026-04-07 17:36:53.271761+0000
995535402,buy,0.01015923,68899.89,2026-04-07 17:36:53.271855+0000
995535403,buy,0.13299779,68899.21,2026-04-07 17:36:53.272149+0000
995535404,buy,0.00245634,68899.21,2026-04-07 17:36:53.272405+0000
995535405,buy,0.00596513,68899.21,2026-04-07 17:36:53.275323+0000
995535406,buy,0.00708176,68899.21,2026-04-07 17:36:53.279211+0000
995535407,buy,0.00107636,68899.21,2026-04-07 17:36:53.280683+0000
995535408,buy,0.00111091,68899.21,2026-04-07 17:36:53.282011+0000
995535409,buy,0.00033015,68899.1,2026-04-07 17:36:53.287412+0000
995535410,buy,0.00025703,68899.1,2026-04-07 17:36:53.287946+0000
995535411,buy,0.00071778,68899.1,2026-04-07 17:36:53.288857+0000
995535412,buy,0.00048677,68899.1,2026-04-07 17:36:53.289077+0000
995535413,buy,0.00030127,68899.1,2026-04-07 17:36:53.289527+0000
995535414,buy,0.00044706,68899.1,2026-04-07 17:36:53.290089+0000
995535415,buy,0.00049135,68899.1,2026-04-07 17:36:53.290982+0000
995535416,buy,0.00058675,68899.1,2026-04-07 17:36:53.291840+0000
995535417,buy,0.00026184,68899.1,2026-04-07 17:36:53.292129+0000
995535418,sell,0.0003,68894.02,2026-04-07 17:36:53.501890+0000
995535419,sell,0.03024,68894.02,2026-04-07 17:36:53.508913+0000
995535420,sell,0.0233784,68894.02,2026-04-07 17:36:53.508913+0000
995535421,sell,0.0050916,68894.02,2026-04-07 17:36:53.509648+0000
995535422,buy,8e-08,68895.05,2026-04-07 17:36:53.513428+0000
995535423,sell,0.0535184,68895.26,2026-04-07 17:36:53.538344+0000
995535424,sell,0.03357032,68895.26,2026-04-07 17:36:53.538878+0000
995535425,sell,4.637e-05,68896.44,2026-04-07 17:36:53.572008+0000
995535426,sell,0.0534184,68896.44,2026-04-07 17:36:53.572058+0000
995535427,sell,0.01903523,68896.44,2026-04-07 17:36:53.572346+0000
995535429,buy,0.0274,68898.0,2026-04-07 17:36:53.625636+0000
995535430,buy,0.0917906,68897.85,2026-04-07 17:36:53.625636+0000
995535428,buy,0.0274,68900.0,2026-04-07 17:36:53.625636+0000
995535431,sell,1.6e-05,68900.86,2026-04-07 17:36:53.752340+0000
995535432,sell,1.59e-05,68904.2,2026-04-07 17:36:53.752340+0000
995535433,sell,0.0311891,68906.11,2026-04-07 17:36:53.762894+0000
995535434,sell,0.00168678,68907.96,2026-04-07 17:36:53.762894+0000
995535435,buy,3e-08,68909.55,2026-04-07 17:36:53.941196+0000
995535436,buy,0.01451232,68906.97,2026-04-07 17:36:54.125642+0000
995535440,buy,0.00042468,68896.0,2026-04-07 17:36:54.191445+0000
995535438,buy,0.01269845,68898.34,2026-04-07 17:36:54.191445+0000
995535439,buy,1.6e-05,68897.52,2026-04-07 17:36:54.191445+0000
995535437,buy,0.001528,68900.77,2026-04-07 17:36:54.191445+0000
995535441,buy,3e-08,68896.0,2026-04-07 17:36:54.411006+0000
995535442,sell,0.02847,68896.01,2026-04-07 17:36:54.479893+0000
995535443,sell,0.00023439,68896.01,2026-04-07 17:36:54.479893+0000
995535444,sell,0.01401589,68896.01,2026-04-07 17:36:54.479893+0000
995535445,sell,0.01169812,68896.02,2026-04-07 17:36:54.479893+0000
995535446,sell,0.0456184,68896.12,2026-04-07 17:36:54.515710+0000
995535447,sell,0.0151816,68896.12,2026-04-07 17:36:54.515992+0000
995535448,sell,1e-07,68902.96,2026-04-07 17:36:54.631057+0000
995535450,buy,0.02730719,68904.02,2026-04-07 17:36:54.770239+0000
995535449,buy,0.00036281,68904.02,2026-04-07 17:36:54.770239+0000
995535451,buy,7e-08,68897.28,2026-04-07 17:36:54.932291+0000
995535452,buy,5e-08,68904.0,2026-04-07 17:36:55.357906+0000
995535453,buy,2.532e-05,68904.0,2026-04-07 17:36:55.376905+0000
995535454,sell,0.00036282,68904.01,2026-04-07 17:36:55.601095+0000
995535455,sell,0.00280036,68904.03,2026-04-07 17:36:55.601095+0000
995535456,sell,0.05085522,68904.06,2026-04-07 17:36:55.601095+0000
995535457,sell,0.02164478,68904.06,2026-04-07 17:36:55.601395+0000
995535458,sell,0.02437362,68906.27,2026-04-07 17:36:55.601395+0000
995535462,sell,0.00527378,68914.85,2026-04-07 17:36:55.749738+0000
995535460,sell,1.6e-05,68914.22,2026-04-07 17:36:55.749738+0000
995535459,sell,1.6e-05,68910.88,2026-04-07 17:36:55.749738+0000
995535461,sell,0.01235777,68914.85,2026-04-07 17:36:55.749738+0000
995535463,sell,0.00708399,68914.85,2026-04-07 17:36:55.755874+0000
995535464,buy,4e-08,68916.05,2026-04-07 17:36:55.851573+0000
995535465,buy,0.01015717,68913.64,2026-04-07 17:36:56.080023+0000
995535466,buy,0.01269646,68910.39,2026-04-07 17:36:56.081057+0000
995535467,buy,1.6e-05,68907.54,2026-04-07 17:36:56.127437+0000
995535478,sell,1.6e-05,68917.56,2026-04-07 17:36:56.165973+0000
995535479,sell,0.00345777,68917.56,2026-04-07 17:36:56.165973+0000
995535477,sell,0.04358386,68916.98,2026-04-07 17:36:56.165973+0000
995535481,sell,0.026,68920.0,2026-04-07 17:36:56.165973+0000
995535482,sell,0.026,68922.0,2026-04-07 17:36:56.165973+0000
995535480,sell,0.026,68918.0,2026-04-07 17:36:56.165973+0000
995535476,sell,0.17056721,68916.04,2026-04-07 17:36:56.165973+0000
995535471,sell,0.02248401,68912.0,2026-04-07 17:36:56.165973+0000
995535474,sell,0.1312,68914.65,2026-04-07 17:36:56.165973+0000
995535475,sell,0.29020843,68915.99,2026-04-07 17:36:56.165973+0000
995535468,sell,0.08707307,68907.64,2026-04-07 17:36:56.165973+0000
995535469,sell,0.02176681,68911.14,2026-04-07 17:36:56.165973+0000
995535470,sell,0.026,68912.0,2026-04-07 17:36:56.165973+0000
995535472,sell,0.29022358,68912.39,2026-04-07 17:36:56.165973+0000
995535473,sell,0.1035132,68914.63,2026-04-07 17:36:56.165973+0000
995535484,sell,0.04358386,68922.74,2026-04-07 17:36:56.166646+0000
995535501,sell,0.06568421,68936.33,2026-04-07 17:36:56.166646+0000
995535500,sell,0.026,68934.77,2026-04-07 17:36:56.166646+0000
995535499,sell,0.00583,68934.74,2026-04-07 17:36:56.166646+0000
995535498,sell,0.1312,68934.52,2026-04-07 17:36:56.166646+0000
995535497,sell,0.00527757,68933.53,2026-04-07 17:36:56.166646+0000
995535496,sell,4.427e-05,68932.58,2026-04-07 17:36:56.166646+0000
995535495,sell,4.424e-05,68932.58,2026-04-07 17:36:56.166646+0000
995535494,sell,4.424e-05,68932.58,2026-04-07 17:36:56.166646+0000
995535493,sell,0.72538052,68929.34,2026-04-07 17:36:56.166646+0000
995535492,sell,0.04358386,68929.24,2026-04-07 17:36:56.166646+0000
995535491,sell,0.05913771,68929.06,2026-04-07 17:36:56.166646+0000
995535490,sell,0.04967347,68928.67,2026-04-07 17:36:56.166646+0000
995535489,sell,0.00347812,68928.6,2026-04-07 17:36:56.166646+0000
995535488,sell,0.03555554,68928.04,2026-04-07 17:36:56.166646+0000
995535487,sell,1.305711,68927.97,2026-04-07 17:36:56.166646+0000
995535486,sell,0.1312,68924.46,2026-04-07 17:36:56.166646+0000
995535485,sell,0.0082,68924.24,2026-04-07 17:36:56.166646+0000
995535483,sell,0.02539681,68922.25,2026-04-07 17:36:56.166646+0000
995535502,sell,0.46,68937.55,2026-04-07 17:36:56.169228+0000
995535503,sell,0.46,68937.55,2026-04-07 17:36:56.169830+0000
995535505,sell,1.6e-05,68937.6,2026-04-07 17:36:56.170075+0000
995535506,sell,0.0293957,68937.94,2026-04-07 17:36:56.170075+0000
995535504,sell,0.5305883,68937.55,2026-04-07 17:36:56.170075+0000
995535514,sell,0.01765102,68939.12,2026-04-07 17:36:56.170379+0000
995535512,sell,0.04358386,68938.65,2026-04-07 17:36:56.170379+0000
995535511,sell,0.10659405,68938.55,2026-04-07 17:36:56.170379+0000
995535513,sell,0.00029191,68938.86,2026-04-07 17:36:56.170379+0000
995535509,sell,0.04,68937.94,2026-04-07 17:36:56.170379+0000
995535508,sell,0.02,68937.94,2026-04-07 17:36:56.170379+0000
995535507,sell,0.0506043,68937.94,2026-04-07 17:36:56.170379+0000
995535510,sell,0.04355441,68938.51,2026-04-07 17:36:56.170379+0000
995535515,sell,0.026,68920.09,2026-04-07 17:36:56.171738+0000
995535516,sell,0.0082,68920.09,2026-04-07 17:36:56.171833+0000
995535517,sell,0.0291,68912.79,2026-04-07 17:36:56.171898+0000
995535518,sell,0.00645,68920.09,2026-04-07 17:36:56.171898+0000
995535519,sell,0.00293386,68920.09,2026-04-07 17:36:56.172185+0000
995535520,sell,0.00347,68922.25,2026-04-07 17:36:56.172934+0000
995535523,sell,0.04358386,68931.13,2026-04-07 17:36:56.173070+0000
995535524,sell,0.02729615,68939.12,2026-04-07 17:36:56.173070+0000
995535522,sell,0.04358386,68925.61,2026-04-07 17:36:56.173070+0000
995535521,sell,0.12773,68922.25,2026-04-07 17:36:56.173070+0000
995535529,sell,0.00755885,68928.04,2026-04-07 17:36:56.174797+0000
995535528,sell,0.03071,68924.1,2026-04-07 17:36:56.174797+0000
995535525,sell,0.03071,68921.9,2026-04-07 17:36:56.174797+0000
995535526,sell,0.02539681,68922.25,2026-04-07 17:36:56.174797+0000
995535527,sell,0.05071006,68922.3,2026-04-07 17:36:56.174797+0000
995535530,sell,0.02799669,68928.04,2026-04-07 17:36:56.174806+0000
995535531,sell,0.01245777,68939.88,2026-04-07 17:36:56.174806+0000
995535532,sell,0.09445982,68942.24,2026-04-07 17:36:56.174806+0000
995535533,sell,0.0787722,68942.24,2026-04-07 17:36:56.174826+0000
995535534,sell,0.13491428,68942.24,2026-04-07 17:36:56.174907+0000
995535536,sell,0.04358386,68936.65,2026-04-07 17:36:56.176900+0000
995535538,sell,0.00499336,68942.24,2026-04-07 17:36:56.176900+0000
995535535,sell,0.03071,68932.5,2026-04-07 17:36:56.176900+0000
995535537,sell,0.04358386,68942.23,2026-04-07 17:36:56.176900+0000
995535539,sell,0.03263795,68937.43,2026-04-07 17:36:56.177010+0000
995535547,sell,0.03071,68938.18,2026-04-07 17:36:56.186423+0000
995535551,sell,0.00621755,68940.89,2026-04-07 17:36:56.186423+0000
995535550,sell,0.00270006,68939.12,2026-04-07 17:36:56.186423+0000
995535549,sell,0.01986435,68939.06,2026-04-07 17:36:56.186423+0000
995535548,sell,0.01982833,68938.86,2026-04-07 17:36:56.186423+0000
995535545,sell,0.01050006,68937.54,2026-04-07 17:36:56.186423+0000
995535544,sell,0.00460006,68937.54,2026-04-07 17:36:56.186423+0000
995535543,sell,0.00900006,68937.54,2026-04-07 17:36:56.186423+0000
995535542,sell,0.04358386,68932.42,2026-04-07 17:36:56.186423+0000
995535541,sell,0.08735,68930.46,2026-04-07 17:36:56.186423+0000
995535540,sell,0.04358386,68926.9,2026-04-07 17:36:56.186423+0000
995535546,sell,0.00310006,68937.93,2026-04-07 17:36:56.186423+0000
995535552,sell,0.02449245,68940.89,2026-04-07 17:36:56.186545+0000
995535553,sell,0.04358386,68942.17,2026-04-07 17:36:56.186545+0000
995535554,sell,0.4809058,68942.24,2026-04-07 17:36:56.186545+0000
995535555,sell,0.50509523,68942.24,2026-04-07 17:36:56.186728+0000
995535557,sell,0.00461638,68942.3,2026-04-07 17:36:56.187314+0000
995535556,sell,0.00630008,68942.24,2026-04-07 17:36:56.187314+0000
995535558,sell,0.02539458,68934.8,2026-04-07 17:36:56.192044+0000
995535559,sell,0.00498713,68936.4,2026-04-07 17:36:56.192044+0000
995535560,sell,0.02,68937.43,2026-04-07 17:36:56.192044+0000
995535561,sell,0.10573141,68941.38,2026-04-07 17:36:56.192044+0000
995535562,buy,0.026,68930.0,2026-04-07 17:36:56.205303+0000
995535563,buy,0.00102346,68929.02,2026-04-07 17:36:56.207984+0000
995535564,sell,0.03054,68918.01,2026-04-07 17:36:56.236095+0000
995535565,sell,0.11989,68918.01,2026-04-07 17:36:56.236095+0000
995535566,sell,0.00654067,68918.02,2026-04-07 17:36:56.236095+0000
995535567,sell,0.03704319,68918.02,2026-04-07 17:36:56.236679+0000
995535568,buy,1.451e-05,68918.0,2026-04-07 17:36:56.238752+0000
995535569,sell,0.03054,68918.02,2026-04-07 17:36:56.251446+0000
995535570,sell,0.00650319,68918.02,2026-04-07 17:36:56.251446+0000
995535571,sell,0.02176681,68918.01,2026-04-07 17:36:56.262936+0000
995535572,sell,0.03708067,68918.02,2026-04-07 17:36:56.262936+0000
995535573,sell,0.01403026,68923.89,2026-04-07 17:36:56.263743+0000
995535574,sell,0.02401523,68923.89,2026-04-07 17:36:56.264038+0000
995535575,sell,0.00553837,68923.89,2026-04-07 17:36:56.264446+0000
995535576,sell,0.02,68925.61,2026-04-07 17:36:56.265550+0000
995535577,sell,0.04,68925.61,2026-04-07 17:36:56.265550+0000
995535578,sell,0.00725574,68925.48,2026-04-07 17:36:56.267749+0000
995535579,sell,0.05084426,68928.64,2026-04-07 17:36:56.267749+0000
995535580,sell,0.04384632,68930.51,2026-04-07 17:36:56.272576+0000
995535581,buy,8e-08,68926.33,2026-04-07 17:36:56.274529+0000
995535583,sell,0.34765222,68940.54,2026-04-07 17:36:56.275345+0000
995535584,sell,0.29010506,68940.55,2026-04-07 17:36:56.275345+0000
995535582,sell,0.00029191,68930.93,2026-04-07 17:36:56.275345+0000
995535585,buy,0.0247,68938.7,2026-04-07 17:36:56.317662+0000
995535586,buy,0.00622,68938.7,2026-04-07 17:36:56.317678+0000
995535587,sell,0.00445777,68939.88,2026-04-07 17:36:56.333526+0000
995535588,sell,0.01245777,68939.88,2026-04-07 17:36:56.333526+0000
995535589,sell,0.0152445,68941.48,2026-04-07 17:36:56.333526+0000
995535590,sell,0.01147205,68941.48,2026-04-07 17:36:56.334519+0000
995535591,sell,0.00420345,68941.48,2026-04-07 17:36:56.336511+0000
995535593,sell,2.655e-05,68948.99,2026-04-07 17:36:56.338189+0000
995535592,sell,0.1312,68947.43,2026-04-07 17:36:56.338189+0000
995535595,sell,0.01100074,68950.0,2026-04-07 17:36:56.338397+0000
995535596,sell,0.00298455,68951.73,2026-04-07 17:36:56.338397+0000
995535597,sell,0.29005677,68952.02,2026-04-07 17:36:56.338397+0000
995535594,sell,0.025,68949.26,2026-04-07 17:36:56.338397+0000
995535598,sell,0.29005417,68952.64,2026-04-07 17:36:56.338756+0000
995535599,sell,0.0059691,68953.89,2026-04-07 17:36:56.338756+0000
995535600,sell,0.1312,68954.33,2026-04-07 17:36:56.338756+0000
995535601,sell,0.05502618,68955.94,2026-04-07 17:36:56.338756+0000
995535602,sell,0.10417616,68957.08,2026-04-07 17:36:56.338756+0000
995535609,sell,2.89e-05,68965.0,2026-04-07 17:36:56.339979+0000
995535608,sell,0.00583,68964.73,2026-04-07 17:36:56.339979+0000
995535607,sell,0.1312,68962.02,2026-04-07 17:36:56.339979+0000
995535604,sell,0.08709,68958.03,2026-04-07 17:36:56.339979+0000
995535605,sell,0.08735,68958.06,2026-04-07 17:36:56.339979+0000
995535606,sell,0.0119382,68958.21,2026-04-07 17:36:56.339979+0000
995535603,sell,1.6e-05,68957.64,2026-04-07 17:36:56.339979+0000
995535610,sell,0.0238764,68966.86,2026-04-07 17:36:56.342098+0000
995535611,sell,0.0119421,68967.14,2026-04-07 17:36:56.345350+0000
995535612,sell,1e-07,68968.65,2026-04-07 17:36:56.379011+0000
995535613,sell,0.009,68968.5,2026-04-07 17:36:56.410615+0000
995535614,buy,0.09104569,68964.89,2026-04-07 17:36:56.540287+0000
995535615,buy,0.00467405,68964.89,2026-04-07 17:36:56.540330+0000
995535617,sell,0.03054,68962.86,2026-04-07 17:36:56.570378+0000
995535616,sell,0.03071,68962.86,2026-04-07 17:36:56.570378+0000
995535618,buy,1.1e-07,68962.85,2026-04-07 17:36:56.587527+0000
995535619,sell,0.03054,68962.85,2026-04-07 17:36:56.601038+0000
995535620,sell,0.025,68968.65,2026-04-07 17:36:56.618291+0000
995535621,sell,0.03054,68966.5,2026-04-07 17:36:56.628736+0000
995535622,buy,0.0115784,68969.3,2026-04-07 17:36:56.665799+0000
995535623,buy,0.15898881,68969.3,2026-04-07 17:36:56.671943+0000
995535625,buy,0.0909632,68962.01,2026-04-07 17:36:56.712624+0000
995535624,buy,0.0252184,68964.89,2026-04-07 17:36:56.712624+0000
995535626,sell,0.03054,68962.02,2026-04-07 17:36:56.725875+0000
995535627,buy,7e-08,68965.6,2026-04-07 17:36:56.734456+0000
995535628,sell,0.03054,68965.61,2026-04-07 17:36:56.760437+0000
995535629,sell,0.03054,68966.11,2026-04-07 17:36:56.795223+0000
995535630,sell,0.00785777,68967.14,2026-04-07 17:36:56.795223+0000
995535631,sell,0.0254,68974.39,2026-04-07 17:36:56.995854+0000
995535632,sell,2.568e-05,68974.84,2026-04-07 17:36:57.000312+0000
995535633,sell,0.00395777,68974.84,2026-04-07 17:36:57.000312+0000
995535634,sell,1.6e-05,68977.68,2026-04-07 17:36:57.116469+0000
995535635,buy,4e-08,68986.01,2026-04-07 17:36:57.221432+0000
995535636,buy,0.0003624,68984.01,2026-04-07 17:36:57.397000+0000
995535637,sell,0.00033058,68975.0,2026-04-07 17:36:57.592322+0000
995535638,sell,0.03071,68974.02,2026-04-07 17:36:57.601521+0000
995535639,sell,0.0290084,68974.02,2026-04-07 17:36:57.601521+0000
995535640,sell,0.0015316,68974.02,2026-04-07 17:36:57.602633+0000
995535641,sell,0.00170777,68976.42,2026-04-07 17:36:57.611540+0000
995535642,sell,0.00034436,68979.99,2026-04-07 17:36:57.614602+0000
995535643,sell,0.05799238,68978.78,2026-04-07 17:36:57.629541+0000
995535644,sell,0.03054,68978.85,2026-04-07 17:36:57.678321+0000
995535647,sell,0.02140363,68979.99,2026-04-07 17:36:57.690608+0000
995535645,sell,0.03054,68979.54,2026-04-07 17:36:57.690608+0000
995535646,sell,0.00036243,68979.98,2026-04-07 17:36:57.690608+0000
995535648,buy,5e-08,68979.53,2026-04-07 17:36:57.702343+0000
995535649,sell,0.03054,68979.54,2026-04-07 17:36:57.702541+0000
995535650,sell,0.02174799,68979.99,2026-04-07 17:36:57.702541+0000
995535651,sell,0.00170777,68979.98,2026-04-07 17:36:57.858871+0000
995535652,sell,0.00170777,68979.99,2026-04-07 17:36:57.858871+0000
995535653,sell,1e-07,68985.58,2026-04-07 17:36:58.100603+0000
995535654,sell,7.9e-05,68985.58,2026-04-07 17:36:58.106377+0000
995535655,buy,8e-08,68985.01,2026-04-07 17:36:58.115047+0000
995535658,sell,0.058,68986.16,2026-04-07 17:36:58.203050+0000
995535657,sell,0.00085777,68985.61,2026-04-07 17:36:58.203050+0000
995535656,sell,0.0004209,68985.58,2026-04-07 17:36:58.203050+0000
995535659,sell,3.606e-05,68987.92,2026-04-07 17:36:58.281087+0000
995535660,sell,0.00230501,68989.5,2026-04-07 17:36:58.281087+0000
995535661,buy,0.00036236,68991.69,2026-04-07 17:36:58.331313+0000
995535663,buy,0.01014622,68985.5,2026-04-07 17:36:58.383805+0000
995535662,buy,3.493e-05,68985.57,2026-04-07 17:36:58.383805+0000
995535664,buy,0.03268398,68984.01,2026-04-07 17:36:58.384003+0000
995535665,buy,0.01268278,68982.24,2026-04-07 17:36:58.386861+0000
995535667,buy,0.03123745,68977.6,2026-04-07 17:36:58.479426+0000
995535666,buy,0.0059841,68977.67,2026-04-07 17:36:58.479426+0000
995535668,buy,0.01014757,68977.59,2026-04-07 17:36:58.479426+0000
995535671,buy,0.01,68975.0,2026-04-07 17:36:58.492627+0000
995535669,buy,0.00834746,68977.4,2026-04-07 17:36:58.492627+0000
995535670,buy,0.001529,68975.88,2026-04-07 17:36:58.492627+0000
995535672,sell,0.02279915,68977.4,2026-04-07 17:36:58.514277+0000
995535673,sell,0.03054,68980.5,2026-04-07 17:36:58.601928+0000
995535674,sell,0.00036243,68981.74,2026-04-07 17:36:58.614457+0000
995535675,sell,0.06085597,68984.01,2026-04-07 17:36:58.614457+0000
995535676,buy,1.6e-07,68981.73,2026-04-07 17:36:58.649610+0000
995535677,sell,0.0021736,68984.01,2026-04-07 17:36:58.659307+0000
995535678,sell,0.03054,68981.77,2026-04-07 17:36:58.730217+0000
995535679,sell,0.000685,68983.6,2026-04-07 17:36:58.762001+0000
995535680,sell,0.029855,68983.6,2026-04-07 17:36:58.815018+0000
995535681,buy,0.00036239,68984.42,2026-04-07 17:36:58.912728+0000
995535682,buy,5e-08,68983.78,2026-04-07 17:36:59.207459+0000
995535683,buy,2e-08,68983.77,2026-04-07 17:36:59.633288+0000
995535685,buy,0.01449621,68982.17,2026-04-07 17:36:59.665195+0000
995535684,buy,0.02131064,68982.18,2026-04-07 17:36:59.665195+0000
995535686,buy,0.01449621,68981.13,2026-04-07 17:36:59.668571+0000
995535687,buy,0.06511845,68978.04,2026-04-07 17:36:59.668957+0000
995535688,buy,0.03839475,68978.04,2026-04-07 17:36:59.669145+0000
995535689,buy,0.01160039,68978.02,2026-04-07 17:36:59.669145+0000
995535690,buy,0.2936969,68978.02,2026-04-07 17:36:59.669557+0000
995535691,buy,0.05371256,68978.02,2026-04-07 17:36:59.669575+0000
995535692,buy,0.0011,68978.02,2026-04-07 17:36:59.669685+0000
995535693,buy,0.00070876,68978.02,2026-04-07 17:36:59.669893+0000
995535694,buy,0.00069124,68978.0,2026-04-07 17:36:59.669893+0000
995535695,buy,0.03306239,68978.0,2026-04-07 17:36:59.669956+0000
995535696,buy,0.04986805,68978.0,2026-04-07 17:36:59.670319+0000
995535697,buy,0.11836404,68978.0,2026-04-07 17:36:59.673656+0000
995535698,buy,0.13939066,68978.0,2026-04-07 17:36:59.741539+0000
995535699,buy,0.15862362,68978.0,2026-04-07 17:36:59.761526+0000
