trade_id,side,volume,price,timestamp,scenario_label,alert_message,manipulation_tag,confirmed_simulation_case
995534153,sell,1.7e-05,68543.48,2026-04-07 17:35:58.949981+0000,,,,False
995534154,sell,0.00029199,68545.8,2026-04-07 17:35:58.960307+0000,,,,False
995534155,sell,1.7e-05,68546.82,2026-04-07 17:35:58.960307+0000,,,,False
995534158,sell,2.3e-07,68547.71,2026-04-07 17:35:58.975019+0000,,,,False
995534156,sell,2.3e-07,68547.69,2026-04-07 17:35:58.975019+0000,,,,False
995534157,sell,2.3e-07,68547.7,2026-04-07 17:35:58.975019+0000,,,,False
995534159,buy,8e-08,68548.9,2026-04-07 17:35:59.275185+0000,,,,False
995534160,buy,5e-08,68548.95,2026-04-07 17:35:59.703282+0000,,,,False
995534161,buy,4e-08,68548.96,2026-04-07 17:36:00.190329+0000,,,,False
995534162,buy,0.03048035,68548.96,2026-04-07 17:36:00.297616+0000,,,,False
995534163,buy,0.001511,68548.87,2026-04-07 17:36:00.297616+0000,,,,False
995534164,sell,1e-07,68544.12,2026-04-07 17:36:00.466755+0000,,,,False
995534165,buy,0.001512,68544.11,2026-04-07 17:36:00.679040+0000,,,,False
995534166,buy,0.0102124,68541.71,2026-04-07 17:36:00.681524+0000,,,,False
995534167,buy,5e-08,68540.14,2026-04-07 17:36:00.690742+0000,,,,False
995534168,sell,0.00014084,68540.15,2026-04-07 17:36:00.962706+0000,,,,False
995534169,buy,1.695e-05,68540.14,2026-04-07 17:36:01.077836+0000,,,,False
995534170,buy,0.00027481,68540.14,2026-04-07 17:36:01.077836+0000,,,,False
995534171,buy,3e-08,68540.14,2026-04-07 17:36:01.137640+0000,,,,False
995534174,buy,3.516e-05,68538.03,2026-04-07 17:36:01.226966+0000,,,,False
995534172,buy,0.001512,68538.6,2026-04-07 17:36:01.226966+0000,,,,False
995534173,buy,0.00043775,68538.04,2026-04-07 17:36:01.226966+0000,,,,False
995534175,buy,0.00584053,68536.81,2026-04-07 17:36:01.572262+0000,,,,False
995534176,buy,9e-08,68536.81,2026-04-07 17:36:01.593436+0000,,,,False
995534177,sell,0.00058129,68536.82,2026-04-07 17:36:01.636843+0000,,,,False
995534178,buy,7e-08,68536.81,2026-04-07 17:36:02.024491+0000,,,,False
995534180,buy,1.7e-05,68536.8,2026-04-07 17:36:02.025997+0000,,,,False
995534179,buy,0.00151193,68536.81,2026-04-07 17:36:02.025997+0000,,,,False
995534182,buy,0.000693,68532.11,2026-04-07 17:36:02.026422+0000,,,,False
995534181,buy,1.7e-05,68533.46,2026-04-07 17:36:02.026422+0000,,,,False
995534183,buy,0.00071,68532.11,2026-04-07 17:36:02.026544+0000,,,,False
995534184,buy,0.00071,68532.11,2026-04-07 17:36:02.026636+0000,,,,False
995534185,buy,0.01065346,68532.11,2026-04-07 17:36:02.026664+0000,,,,False
995534186,buy,1.7e-05,68530.12,2026-04-07 17:36:02.026870+0000,,,,False
995534187,buy,0.000693,68530.04,2026-04-07 17:36:02.026870+0000,,,,False
995534195,buy,0.0977604,68524.44,2026-04-07 17:36:02.027349+0000,,,,False
995534194,buy,0.01,68525.0,2026-04-07 17:36:02.027349+0000,,,,False
995534189,buy,0.01,68530.0,2026-04-07 17:36:02.027349+0000,,,,False
995534193,buy,1.7e-05,68526.78,2026-04-07 17:36:02.027349+0000,,,,False
995534188,buy,0.007067,68530.04,2026-04-07 17:36:02.027349+0000,,,,False
995534192,buy,0.0178736,68527.09,2026-04-07 17:36:02.027349+0000,,,,False
995534190,buy,0.00388,68528.82,2026-04-07 17:36:02.027349+0000,,,,False
995534191,buy,0.04377764,68528.12,2026-04-07 17:36:02.027349+0000,,,,False
995534203,buy,1.7e-05,68523.44,2026-04-07 17:36:02.027797+0000,,,,False
995534201,buy,0.14593483,68523.73,2026-04-07 17:36:02.027797+0000,,,,False
995534204,buy,0.02553292,68523.11,2026-04-07 17:36:02.027797+0000,,,,False
995534202,buy,0.1312,68523.72,2026-04-07 17:36:02.027797+0000,,,,False
995534197,buy,0.08,68524.42,2026-04-07 17:36:02.027797+0000,,,,False
995534199,buy,0.02189107,68524.16,2026-04-07 17:36:02.027797+0000,,,,False
995534198,buy,0.08,68524.42,2026-04-07 17:36:02.027797+0000,,,,False
995534196,buy,0.0057528,68524.44,2026-04-07 17:36:02.027797+0000,,,,False
995534200,buy,0.01552,68524.12,2026-04-07 17:36:02.027797+0000,,,,False
995534205,buy,0.00071,68522.61,2026-04-07 17:36:02.027890+0000,,,,False
995534211,buy,0.008,68519.43,2026-04-07 17:36:02.027965+0000,,,,False
995534212,buy,0.008,68519.42,2026-04-07 17:36:02.027965+0000,,,,False
995534213,buy,0.008,68519.35,2026-04-07 17:36:02.027965+0000,,,,False
995534210,buy,0.02592,68519.48,2026-04-07 17:36:02.027965+0000,,,,False
995534209,buy,0.01,68520.0,2026-04-07 17:36:02.027965+0000,,,,False
995534206,buy,0.29116443,68522.61,2026-04-07 17:36:02.027965+0000,,,,False
995534207,buy,0.03574402,68521.33,2026-04-07 17:36:02.027965+0000,,,,False
995534208,buy,1.7e-05,68520.1,2026-04-07 17:36:02.027965+0000,,,,False
995534214,buy,0.00039,68518.17,2026-04-07 17:36:02.029697+0000,,,,False
995534215,sell,0.0509184,68520.0,2026-04-07 17:36:02.086599+0000,,,,False
995534216,sell,0.0285184,68520.0,2026-04-07 17:36:02.087716+0000,,,,False
995534217,sell,0.0490184,68519.38,2026-04-07 17:36:02.097839+0000,,,,False
995534218,sell,0.0510184,68519.38,2026-04-07 17:36:02.098120+0000,,,,False
995534219,sell,0.0492184,68519.39,2026-04-07 17:36:02.109366+0000,,,,False
995534220,sell,0.01647966,68519.39,2026-04-07 17:36:02.109517+0000,,,,False
995534221,sell,0.0505184,68528.39,2026-04-07 17:36:02.242746+0000,,,,False
995534222,sell,0.0495184,68528.39,2026-04-07 17:36:02.243410+0000,,,,False
995534223,sell,0.0199184,68528.39,2026-04-07 17:36:02.253915+0000,,,,False
995534224,sell,1e-07,68532.75,2026-04-07 17:36:02.293860+0000,,,,False
995534225,buy,4e-08,68534.0,2026-04-07 17:36:02.478032+0000,,,,False
995534226,buy,0.00241065,68536.79,2026-04-07 17:36:02.701785+0000,,,,False
995534227,sell,1.7e-05,68536.8,2026-04-07 17:36:02.884072+0000,,,,False
995534228,sell,0.00282067,68536.8,2026-04-07 17:36:02.884072+0000,,,,False
995534230,buy,0.001513,68534.31,2026-04-07 17:36:02.940139+0000,,,,False
995534229,buy,0.00036477,68534.32,2026-04-07 17:36:02.940139+0000,,,,False
995534231,buy,4e-08,68528.0,2026-04-07 17:36:02.944180+0000,,,,False
995534232,sell,0.00036482,68528.77,2026-04-07 17:36:03.111742+0000,,,,False
995534233,sell,0.0502184,68529.71,2026-04-07 17:36:03.123845+0000,,,,False
995534234,sell,0.0498184,68529.71,2026-04-07 17:36:03.124209+0000,,,,False
995534235,sell,0.03495763,68534.24,2026-04-07 17:36:03.134978+0000,,,,False
995534236,buy,5e-08,68534.29,2026-04-07 17:36:03.347908+0000,,,,False
995534238,buy,0.00036478,68534.29,2026-04-07 17:36:03.580261+0000,,,,False
995534237,buy,3.516e-05,68534.29,2026-04-07 17:36:03.580261+0000,,,,False
995534239,buy,0.001513,68531.62,2026-04-07 17:36:03.600576+0000,,,,False
995534240,sell,0.00010337,68526.8,2026-04-07 17:36:03.760283+0000,,,,False
995534241,buy,3e-08,68526.79,2026-04-07 17:36:03.772694+0000,,,,False
995534242,sell,1e-07,68526.8,2026-04-07 17:36:03.915627+0000,,,,False
995534243,buy,3e-08,68526.79,2026-04-07 17:36:04.243232+0000,,,,False
995534244,buy,6e-08,68526.78,2026-04-07 17:36:04.738123+0000,,,,False
1005534153,sell,1.836e-05,68567.470218,2026-04-07 17:36:04.739981+0000,,,,False
1005534155,sell,1.836e-05,68570.81138700001,2026-04-07 17:36:04.750307+0000,,,,False
1005534154,sell,0.00031534920000000005,68569.79103000001,2026-04-07 17:36:04.750307+0000,,,,False
1005534156,sell,2.4840000000000003e-07,68571.68169150001,2026-04-07 17:36:04.765019+0000,,,,False
1005534157,sell,2.4840000000000003e-07,68571.691695,2026-04-07 17:36:04.765019+0000,,,,False
1005534158,sell,2.4840000000000003e-07,68571.70169850001,2026-04-07 17:36:04.765019+0000,,,,False
995534246,buy,0.00119876,68526.78,2026-04-07 17:36:04.766468+0000,,,,False
995534245,buy,1.694e-05,68526.78,2026-04-07 17:36:04.766468+0000,,,,False
1005534159,buy,8.64e-08,68572.892115,2026-04-07 17:36:05.065185+0000,,,,False
995534247,sell,0.000446,68526.79,2026-04-07 17:36:05.105167+0000,,,,False
995534248,buy,3e-08,68526.78,2026-04-07 17:36:05.133113+0000,,,,False
995534249,buy,1.1e-07,68526.78,2026-04-07 17:36:05.215454+0000,,,,False
1005534160,buy,5.4e-08,68572.9421325,2026-04-07 17:36:05.493282+0000,,,,False
995534250,buy,5e-08,68523.45,2026-04-07 17:36:05.571062+0000,,,,False
995534251,buy,0.00029412,68523.45,2026-04-07 17:36:05.610759+0000,,,,False
995534252,sell,1e-07,68523.46,2026-04-07 17:36:05.662949+0000,,,,False
995534253,sell,0.02189261,68523.46,2026-04-07 17:36:05.941080+0000,,,,False
995534257,sell,0.00368897,68523.46,2026-04-07 17:36:05.941080+0000,,,,False
995534256,sell,0.01167133,68523.46,2026-04-07 17:36:05.941080+0000,,,,False
995534255,sell,0.00014266,68523.46,2026-04-07 17:36:05.941080+0000,,,,False
995534254,sell,0.01372283,68523.46,2026-04-07 17:36:05.941080+0000,,,,False
995534260,sell,2.837e-05,68524.0,2026-04-07 17:36:05.942514+0000,,,,False
995534258,sell,0.00796356,68523.46,2026-04-07 17:36:05.942514+0000,,,,False
995534259,sell,0.02803178,68523.46,2026-04-07 17:36:05.942514+0000,,,,False
995534261,sell,0.02189261,68524.49,2026-04-07 17:36:05.951817+0000,,,,False
995534262,buy,6e-08,68525.68,2026-04-07 17:36:05.963017+0000,,,,False
1005534161,buy,4.32e-08,68572.952136,2026-04-07 17:36:05.980329+0000,,,,False
995534263,sell,0.000299,68525.69,2026-04-07 17:36:06.021597+0000,,,,False
1005534162,buy,0.032918778,68572.952136,2026-04-07 17:36:06.087616+0000,,,,False
1005534163,buy,0.00163188,68572.8621045,2026-04-07 17:36:06.087616+0000,,,,False
1005534164,sell,1.08e-07,68568.110442,2026-04-07 17:36:06.256755+0000,,,,False
995534264,sell,5.941e-05,68525.69,2026-04-07 17:36:06.331275+0000,,,,False
995534265,buy,5e-08,68525.68,2026-04-07 17:36:06.345458+0000,,,,False
1005534165,buy,0.0016329600000000001,68568.10043850001,2026-04-07 17:36:06.469040+0000,,,,False
1005534166,buy,0.011029392,68565.69959850001,2026-04-07 17:36:06.471524+0000,,,,False
1005534167,buy,5.4e-08,68564.12904900001,2026-04-07 17:36:06.480742+0000,,,,False
995534266,buy,0.00020604,68525.68,2026-04-07 17:36:06.578008+0000,,,,False
1005534168,sell,0.0001521072,68564.1390525,2026-04-07 17:36:06.752706+0000,,,,False
995534267,buy,3e-08,68525.68,2026-04-07 17:36:06.791046+0000,,,,False
1005534169,buy,1.8306e-05,68564.12904900001,2026-04-07 17:36:06.867836+0000,,,,False
1005534170,buy,0.0002967948,68564.12904900001,2026-04-07 17:36:06.867836+0000,,,,False
1005534171,buy,3.24e-08,68564.12904900001,2026-04-07 17:36:06.927640+0000,,,,False
995534268,buy,4.96e-05,68525.68,2026-04-07 17:36:07.000200+0000,,,,False
1005534172,buy,0.0016329600000000001,68562.58851000002,2026-04-07 17:36:07.016966+0000,,,,False
1005534173,buy,0.00047277,68562.028314,2026-04-07 17:36:07.016966+0000,,,,False
1005534174,buy,3.7972800000000003e-05,68562.0183105,2026-04-07 17:36:07.016966+0000,,,,False
995534269,buy,0.00951191,68525.68,2026-04-07 17:36:07.262787+0000,,,,False
995534270,buy,3e-08,68525.68,2026-04-07 17:36:07.324546+0000,,,,False
1005534175,buy,0.006307772400000001,68560.7978835,2026-04-07 17:36:07.362262+0000,,,,False
1005534176,buy,9.720000000000001e-08,68560.7978835,2026-04-07 17:36:07.383436+0000,,,,False
995534271,sell,1e-07,68525.69,2026-04-07 17:36:07.394887+0000,,,,False
1005534177,sell,0.0006277932,68560.80788700002,2026-04-07 17:36:07.426843+0000,,,,False
995534272,buy,1.7e-05,68523.44,2026-04-07 17:36:07.672048+0000,,,,False
995534273,buy,0.0306184,68523.44,2026-04-07 17:36:07.672048+0000,,,,False
995534274,buy,0.01021514,68523.28,2026-04-07 17:36:07.672048+0000,,,,False
995534275,buy,3e-08,68520.97,2026-04-07 17:36:07.779856+0000,,,,False
1005534178,buy,7.560000000000002e-08,68560.7978835,2026-04-07 17:36:07.814491+0000,,,,False
1005534179,buy,0.0016328844000000002,68560.7978835,2026-04-07 17:36:07.815997+0000,,,,False
1005534180,buy,1.836e-05,68560.78788,2026-04-07 17:36:07.815997+0000,,,,False
1005534182,buy,0.0007484400000000001,68556.0962385,2026-04-07 17:36:07.816422+0000,,,,False
1005534181,buy,1.836e-05,68557.44671100001,2026-04-07 17:36:07.816422+0000,,,,False
1005534183,buy,0.0007668000000000001,68556.0962385,2026-04-07 17:36:07.816544+0000,,,,False
1005534184,buy,0.0007668000000000001,68556.0962385,2026-04-07 17:36:07.816636+0000,,,,False
1005534185,buy,0.011505736800000001,68556.0962385,2026-04-07 17:36:07.816664+0000,,,,False
1005534186,buy,1.836e-05,68554.105542,2026-04-07 17:36:07.816870+0000,,,,False
1005534187,buy,0.0007484400000000001,68554.025514,2026-04-07 17:36:07.816870+0000,,,,False
1005534194,buy,0.0108,68548.98375,2026-04-07 17:36:07.817349+0000,,,,False
1005534189,buy,0.0108,68553.98550000001,2026-04-07 17:36:07.817349+0000,,,,False
1005534193,buy,1.836e-05,68550.764373,2026-04-07 17:36:07.817349+0000,,,,False
1005534195,buy,0.10558123200000001,68548.42355400001,2026-04-07 17:36:07.817349+0000,,,,False
1005534192,buy,0.019303488,68551.0744815,2026-04-07 17:36:07.817349+0000,,,,False
1005534190,buy,0.0041904,68552.80508700002,2026-04-07 17:36:07.817349+0000,,,,False
1005534188,buy,0.007632360000000001,68554.025514,2026-04-07 17:36:07.817349+0000,,,,False
1005534191,buy,0.0472798512,68552.104842,2026-04-07 17:36:07.817349+0000,,,,False
1005534201,buy,0.15760961639999999,68547.7133055,2026-04-07 17:36:07.817797+0000,,,,False
1005534204,buy,0.027575553600000004,68547.09308850001,2026-04-07 17:36:07.817797+0000,,,,False
1005534203,buy,1.836e-05,68547.423204,2026-04-07 17:36:07.817797+0000,,,,False
1005534202,buy,0.14169600000000002,68547.70330200001,2026-04-07 17:36:07.817797+0000,,,,False
1005534198,buy,0.0864,68548.40354700001,2026-04-07 17:36:07.817797+0000,,,,False
1005534199,buy,0.0236423556,68548.143456,2026-04-07 17:36:07.817797+0000,,,,False
1005534197,buy,0.0864,68548.40354700001,2026-04-07 17:36:07.817797+0000,,,,False
1005534196,buy,0.006213024,68548.42355400001,2026-04-07 17:36:07.817797+0000,,,,False
1005534200,buy,0.0167616,68548.103442,2026-04-07 17:36:07.817797+0000,,,,False
1005534205,buy,0.0007668000000000001,68546.5929135,2026-04-07 17:36:07.817890+0000,,,,False
1005534210,buy,0.0279936,68543.461818,2026-04-07 17:36:07.817965+0000,,,,False
1005534212,buy,0.00864,68543.401797,2026-04-07 17:36:07.817965+0000,,,,False
1005534211,buy,0.00864,68543.41180049999,2026-04-07 17:36:07.817965+0000,,,,False
1005534207,buy,0.038603541600000006,68545.31246550001,2026-04-07 17:36:07.817965+0000,,,,False
1005534209,buy,0.0108,68543.982,2026-04-07 17:36:07.817965+0000,Open Pump,Injected simulation case: aggressive coordinated buying burst right after replay start.,opening_pump,True
1005534206,buy,0.3923507475082569,68561.68574129748,2026-04-07 17:36:07.817965+0000,Open Pump,Injected simulation case: aggressive coordinated buying burst right after replay start.,opening_pump,True
1005534213,buy,0.012920366972477065,68573.51599199616,2026-04-07 17:36:07.817965+0000,Open Pump,Injected simulation case: aggressive coordinated buying burst right after replay start.,opening_pump,True
1005534208,buy,3.200366972477064e-05,68589.35885983048,2026-04-07 17:36:07.817965+0000,Open Pump,Injected simulation case: aggressive coordinated buying burst right after replay start.,opening_pump,True
1005534214,buy,0.0008385357798165138,68602.5187588625,2026-04-07 17:36:07.819697+0000,Open Pump,Injected simulation case: aggressive coordinated buying burst right after replay start.,opening_pump,True
1005534215,sell,0.12310107126605505,68619.44326458716,2026-04-07 17:36:07.876599+0000,Open Pump,Injected simulation case: aggressive coordinated buying burst right after replay start.,opening_pump,True
1005534216,sell,0.07657582855045872,68634.5355175046,2026-04-07 17:36:07.877716+0000,Open Pump,Injected simulation case: aggressive coordinated buying burst right after replay start.,opening_pump,True
1005534217,sell,0.1447346959266055,68649.00659749124,2026-04-07 17:36:07.887839+0000,Open Pump,Injected simulation case: aggressive coordinated buying burst right after replay start.,opening_pump,True
1005534218,sell,0.16428860917431193,68664.09871384714,2026-04-07 17:36:07.888120+0000,Open Pump,Injected simulation case: aggressive coordinated buying burst right after replay start.,opening_pump,True
1005534219,sell,0.17165932976146792,68679.20085352646,2026-04-07 17:36:07.899366+0000,Open Pump,Injected simulation case: aggressive coordinated buying burst right after replay start.,opening_pump,True
1005534220,sell,0.06188490303853212,68694.29297208496,2026-04-07 17:36:07.899517+0000,Open Pump,Injected simulation case: aggressive coordinated buying burst right after replay start.,opening_pump,True
995534276,buy,0.5446038557798165,68686.92904660551,2026-04-07 17:36:07.937743+0000,Open Pump,Injected simulation case: aggressive coordinated buying burst right after replay start.,opening_pump,True
995534277,buy,0.034219791376146794,68702.01623266055,2026-04-07 17:36:07.938001+0000,Open Pump,Injected simulation case: aggressive coordinated buying burst right after replay start.,opening_pump,True
995534278,buy,0.02057520917431193,68717.1034187156,2026-04-07 17:36:07.938248+0000,Open Pump,Injected simulation case: aggressive coordinated buying burst right after replay start.,opening_pump,True
1005534221,sell,0.24376750150458718,68763.6923491483,2026-04-07 17:36:08.032746+0000,Open Pump,Injected simulation case: aggressive coordinated buying burst right after replay start.,opening_pump,True
1005534222,sell,0.252189488146789,68778.78645005176,2026-04-07 17:36:08.033410+0000,Open Pump,Injected simulation case: aggressive coordinated buying burst right after replay start.,opening_pump,True
1005534223,sell,0.10676993350458716,68793.8805509552,2026-04-07 17:36:08.043915+0000,Open Pump,Injected simulation case: aggressive coordinated buying burst right after replay start.,opening_pump,True
1005534224,sell,5.62788990825688e-07,68813.35250357066,2026-04-07 17:36:08.083860+0000,Open Pump,Injected simulation case: aggressive coordinated buying burst right after replay start.,opening_pump,True
995534279,sell,0.2790408073394496,68792.54938862385,2026-04-07 17:36:08.183859+0000,Open Pump,Injected simulation case: aggressive coordinated buying burst right after replay start.,opening_pump,True
995534280,sell,0.20797637100917432,68807.63657688073,2026-04-07 17:36:08.183883+0000,Open Pump,Injected simulation case: aggressive coordinated buying burst right after replay start.,opening_pump,True
995534282,sell,0.0011829066972477065,68822.72376513762,2026-04-07 17:36:08.183883+0000,Open Pump,Injected simulation case: aggressive coordinated buying burst right after replay start.,opening_pump,True
995534284,sell,0.0022627394495412846,68837.8109533945,2026-04-07 17:36:08.183883+0000,Open Pump,Injected simulation case: aggressive coordinated buying burst right after replay start.,opening_pump,True
995534281,sell,0.08096496146788991,68852.89814165137,2026-04-07 17:36:08.183883+0000,Open Pump,Injected simulation case: aggressive coordinated buying burst right after replay start.,opening_pump,True
995534283,sell,0.1466275990825688,68867.98532990826,2026-04-07 17:36:08.183883+0000,Open Pump,Injected simulation case: aggressive coordinated buying burst right after replay start.,opening_pump,True
995534285,sell,0.10135361880733945,68884.10796110092,2026-04-07 17:36:08.184398+0000,Open Pump,Injected simulation case: aggressive coordinated buying burst right after replay start.,opening_pump,True
995534286,sell,0.07347906935779817,68900.5729174312,2026-04-07 17:36:08.184398+0000,Open Pump,Injected simulation case: aggressive coordinated buying burst right after replay start.,opening_pump,True
995534287,sell,0.17937764963302752,68916.15343926605,2026-04-07 17:36:08.184398+0000,Open Pump,Injected simulation case: aggressive coordinated buying burst right after replay start.,opening_pump,True
995534288,sell,1.0634391444036697,68931.24126385321,2026-04-07 17:36:08.184825+0000,Open Pump,Injected simulation case: aggressive coordinated buying burst right after replay start.,opening_pump,True
995534289,sell,0.6356559633027523,68946.32908844037,2026-04-07 17:36:08.184855+0000,Open Pump,Injected simulation case: aggressive coordinated buying burst right after replay start.,opening_pump,True
995534290,sell,0.4037498880733946,68961.41691302753,2026-04-07 17:36:08.184972+0000,Open Pump,Injected simulation case: aggressive coordinated buying burst right after replay start.,opening_pump,True
1005534225,buy,3.642275229357798e-07,69010.84699695413,2026-04-07 17:36:08.268032+0000,Open Pump,Injected simulation case: aggressive coordinated buying burst right after replay start.,opening_pump,True
995534291,sell,0.003627779816513762,68995.378226789,2026-04-07 17:36:08.276243+0000,Open Pump,Injected simulation case: aggressive coordinated buying burst right after replay start.,opening_pump,True
995534292,buy,4.463302752293578e-07,69012.30977321102,2026-04-07 17:36:08.286661+0000,Open Pump,Injected simulation case: aggressive coordinated buying burst right after replay start.,opening_pump,True
1005534226,buy,0.023885339449541285,69058.94426253843,2026-04-07 17:36:08.491785+0000,Open Pump,Injected simulation case: aggressive coordinated buying burst right after replay start.,opening_pump,True
995534293,buy,4.711009174311926e-07,69042.4878840367,2026-04-07 17:36:08.655764+0000,Open Pump,Injected simulation case: aggressive coordinated buying burst right after replay start.,opening_pump,True
1005534228,sell,0.029457110774311932,69089.14624531376,2026-04-07 17:36:08.674072+0000,Open Pump,Injected simulation case: aggressive coordinated buying burst right after replay start.,opening_pump,True
1005534227,sell,0.00018208403669724773,69104.24219860845,2026-04-07 17:36:08.674072+0000,Open Pump,Injected simulation case: aggressive coordinated buying burst right after replay start.,opening_pump,True
1005534229,buy,0.004004572227522936,69116.83707279502,2026-04-07 17:36:08.730139+0000,Open Pump,Injected simulation case: aggressive coordinated buying burst right after replay start.,opening_pump,True
1005534230,buy,0.017015003669724773,69131.92239264451,2026-04-07 17:36:08.730139+0000,Open Pump,Injected simulation case: aggressive coordinated buying burst right after replay start.,opening_pump,True
1005534231,buy,4.6053577981651383e-07,69140.65138507157,2026-04-07 17:36:08.734180+0000,Open Pump,Injected simulation case: aggressive coordinated buying burst right after replay start.,opening_pump,True
1005534232,sell,0.004297914297247707,69156.52245359836,2026-04-07 17:36:08.901742+0000,Open Pump,Injected simulation case: aggressive coordinated buying burst right after replay start.,opening_pump,True
1005534233,sell,0.6050533977247707,69172.56545604244,2026-04-07 17:36:08.913845+0000,Open Pump,Injected simulation case: aggressive coordinated buying burst right after replay start.,opening_pump,True
1005534234,sell,0.6135615862018349,69187.65984768982,2026-04-07 17:36:08.914209+0000,Open Pump,Injected simulation case: aggressive coordinated buying burst right after replay start.,opening_pump,True
1005534235,sell,0.4398888560366973,69207.32872938982,2026-04-07 17:36:08.924978+0000,Open Pump,Injected simulation case: aggressive coordinated buying burst right after replay start.,opening_pump,True
995534294,sell,0.0011743204587155965,69193.38853504587,2026-04-07 17:36:08.958639+0000,Open Pump,Injected simulation case: aggressive coordinated buying burst right after replay start.,opening_pump,True
995534295,sell,1.2146788990825688e-06,69208.47759266057,2026-04-07 17:36:09.030532+0000,Open Pump,Injected simulation case: aggressive coordinated buying burst right after replay start.,opening_pump,True
995534296,buy,2.4788990825688076e-07,69223.55654899083,2026-04-07 17:36:09.034186+0000,Open Pump,Injected simulation case: aggressive coordinated buying burst right after replay start.,opening_pump,True
995534297,buy,0.004612001651376148,69238.64560440369,2026-04-07 17:36:09.112271+0000,Open Pump,Injected simulation case: aggressive coordinated buying burst right after replay start.,opening_pump,True
1005534236,buy,6.960550458715596e-07,69282.85622265347,2026-04-07 17:36:09.137908+0000,Open Pump,Injected simulation case: aggressive coordinated buying burst right after replay start.,opening_pump,True
1005534237,buy,0.0004988720146788992,69297.95162309417,2026-04-07 17:36:09.370261+0000,Open Pump,Injected simulation case: aggressive coordinated buying burst right after replay start.,opening_pump,True
1005534238,buy,0.005273313225688074,69313.04702353486,2026-04-07 17:36:09.370261+0000,Open Pump,Injected simulation case: aggressive coordinated buying burst right after replay start.,opening_pump,True
1005534239,buy,0.022276912293577984,69325.44149659641,2026-04-07 17:36:09.390576+0000,Open Pump,Injected simulation case: aggressive coordinated buying burst right after replay start.,opening_pump,True
995534298,buy,4.164220183486238e-07,69312.60405064221,2026-04-07 17:36:09.472746+0000,Open Pump,Injected simulation case: aggressive coordinated buying burst right after replay start.,opening_pump,True
1005534240,sell,0.0015772934311926608,69350.75316652626,2026-04-07 17:36:09.550283+0000,Open Pump,Injected simulation case: aggressive coordinated buying burst right after replay start.,opening_pump,True
1005534241,buy,4.6578715596330277e-07,69365.83679477473,2026-04-07 17:36:09.562694+0000,Open Pump,Injected simulation case: aggressive coordinated buying burst right after replay start.,opening_pump,True
1005534242,sell,1.5793761467889908e-06,69380.9406679046,2026-04-07 17:36:09.705627+0000,Open Pump,Injected simulation case: aggressive coordinated buying burst right after replay start.,opening_pump,True
995534299,buy,8.922935779816513e-07,69370.69135779816,2026-04-07 17:36:09.858652+0000,Open Pump,Injected simulation case: aggressive coordinated buying burst right after replay start.,opening_pump,True
1005534243,buy,4.898642201834863e-07,69411.11804023442,2026-04-07 17:36:10.033232+0000,Open Pump,Injected simulation case: aggressive coordinated buying burst right after replay start.,opening_pump,True
995534300,sell,0.3363879449541285,69400.87796256879,2026-04-07 17:36:10.159285+0000,Open Pump,Injected simulation case: aggressive coordinated buying burst right after replay start.,opening_pump,True
995534301,sell,0.42203479045871556,69415.96620330274,2026-04-07 17:36:10.159285+0000,Open Pump,Injected simulation case: aggressive coordinated buying burst right after replay start.,opening_pump,True
995534303,sell,0.0640623052293578,69431.05444403668,2026-04-07 17:36:10.160707+0000,Open Pump,Injected simulation case: aggressive coordinated buying burst right after replay start.,opening_pump,True
995534304,sell,0.0034230722935779815,69446.14268477063,2026-04-07 17:36:10.160707+0000,Open Pump,Injected simulation case: aggressive coordinated buying burst right after replay start.,opening_pump,True
995534305,sell,0.4907339449541285,69461.2511985321,2026-04-07 17:36:10.160707+0000,Open Pump,Injected simulation case: aggressive coordinated buying burst right after replay start.,opening_pump,True
995534302,sell,0.04935023119266055,69476.31916623852,2026-04-07 17:36:10.160707+0000,Open Pump,Injected simulation case: aggressive coordinated buying burst right after replay start.,opening_pump,True
995534306,buy,5.055963302752294e-07,69495.69701504587,2026-04-07 17:36:10.354918+0000,Open Pump,Injected simulation case: aggressive coordinated buying burst right after replay start.,opening_pump,True
995534307,buy,1.8811009174311926e-06,69510.78618715596,2026-04-07 17:36:10.398206+0000,Open Pump,Injected simulation case: aggressive coordinated buying burst right after replay start.,opening_pump,True
1005534244,buy,1.1241908256880733e-06,69546.95162774157,2026-04-07 17:36:10.528123+0000,Open Pump,Injected simulation case: aggressive coordinated buying burst right after replay start.,opening_pump,True
1015534153,sell,0.00034699963302752283,69603.34179729437,2026-04-07 17:36:10.529981+0000,Open Pump,Injected simulation case: aggressive coordinated buying burst right after replay start.,opening_pump,True
995534308,sell,0.006513251834862384,69556.063853211,2026-04-07 17:36:10.533158+0000,Open Pump,Injected simulation case: aggressive coordinated buying burst right after replay start.,opening_pump,True
1015534155,sell,0.0003567691743119266,69636.94032807104,2026-04-07 17:36:10.540307+0000,Open Pump,Injected simulation case: aggressive coordinated buying burst right after replay start.,opening_pump,True
1015534154,sell,0.006211725611009175,69651.00732477798,2026-04-07 17:36:10.540307+0000,Open Pump,Injected simulation case: aggressive coordinated buying burst right after replay start.,opening_pump,True
1015534157,sell,4.959053211009174e-06,69668.04159639045,2026-04-07 17:36:10.555019+0000,Open Pump,Injected simulation case: aggressive coordinated buying burst right after replay start.,opening_pump,True
1015534156,sell,5.0251412844036694e-06,69683.1350674571,2026-04-07 17:36:10.555019+0000,Open Pump,Injected simulation case: aggressive coordinated buying burst right after replay start.,opening_pump,True
1015534158,sell,5.091229357798164e-06,69698.25903765636,2026-04-07 17:36:10.555019+0000,Open Pump,Injected simulation case: aggressive coordinated buying burst right after replay start.,opening_pump,True
1005534246,buy,0.025026149592660557,69667.70159801329,2026-04-07 17:36:10.556468+0000,Open Pump,Injected simulation case: aggressive coordinated buying burst right after replay start.,opening_pump,True
1005534245,buy,0.0003581830899082569,69682.79534429724,2026-04-07 17:36:10.556468+0000,Open Pump,Injected simulation case: aggressive coordinated buying burst right after replay start.,opening_pump,True
995534309,sell,0.004381477064220184,69676.77724770641,2026-04-07 17:36:10.582934+0000,Open Pump,Injected simulation case: aggressive coordinated buying burst right after replay start.,opening_pump,True
995534310,sell,5.8212844036697235e-06,69691.86642201834,2026-04-07 17:36:10.610793+0000,Open Pump,Injected simulation case: aggressive coordinated buying burst right after replay start.,opening_pump,True
995534311,sell,2.0321100917431196e-06,69706.95559633027,2026-04-07 17:36:10.701241+0000,Open Pump,Injected simulation case: aggressive coordinated buying burst right after replay start.,opening_pump,True
995534312,buy,4.113761467889908e-07,69722.03459669725,2026-04-07 17:36:10.741172+0000,Open Pump,Injected simulation case: aggressive coordinated buying burst right after replay start.,opening_pump,True
995534313,buy,0.6373679286238533,69737.12376880735,2026-04-07 17:36:10.834151+0000,Open Pump,Injected simulation case: aggressive coordinated buying burst right after replay start.,opening_pump,True
1015534159,buy,1.954759633027523e-06,69820.30022030385,2026-04-07 17:36:10.855185+0000,Open Pump,Injected simulation case: aggressive coordinated buying burst right after replay start.,opening_pump,True
1005534247,sell,0.01026552880733945,69788.46175239864,2026-04-07 17:36:10.895167+0000,Open Pump,Injected simulation case: aggressive coordinated buying burst right after replay start.,opening_pump,True
1005534248,buy,6.985321100917431e-07,69803.54531456895,2026-04-07 17:36:10.923113+0000,Open Pump,Injected simulation case: aggressive coordinated buying burst right after replay start.,opening_pump,True
1005534249,buy,2.590711926605505e-06,69818.63906085292,2026-04-07 17:36:11.005454+0000,Open Pump,Injected simulation case: aggressive coordinated buying burst right after replay start.,opening_pump,True
995534314,buy,4.4110091743119265e-07,69810.53219816514,2026-04-07 17:36:11.141186+0000,Open Pump,Injected simulation case: aggressive coordinated buying burst right after replay start.,opening_pump,True
995534315,sell,6.467798165137614e-06,69825.63111926605,2026-04-07 17:36:11.188598+0000,Open Pump,Injected simulation case: aggressive coordinated buying burst right after replay start.,opening_pump,True
1015534160,buy,1.3079266055045871e-06,69910.97462046164,2026-04-07 17:36:11.283282+0000,Open Pump,Injected simulation case: aggressive coordinated buying burst right after replay start.,opening_pump,True
1005534250,buy,1.2311009174311927e-06,69875.61833533706,2026-04-07 17:36:11.361062+0000,Open Pump,Injected simulation case: aggressive coordinated buying burst right after replay start.,opening_pump,True
1005534251,buy,0.007320511882568808,69890.71134815339,2026-04-07 17:36:11.400759+0000,Open Pump,Injected simulation case: aggressive coordinated buying burst right after replay start.,opening_pump,True
995534316,sell,0.016825417247706424,69885.98605504587,2026-04-07 17:36:11.424252+0000,Open Pump,Injected simulation case: aggressive coordinated buying burst right after replay start.,opening_pump,True
1005534252,sell,2.5424587155963303e-06,69920.90757772316,2026-04-07 17:36:11.452949+0000,Open Pump,Injected simulation case: aggressive coordinated buying burst right after replay start.,opening_pump,True
995534317,buy,7.136697247706421e-07,69916.15332036698,2026-04-07 17:36:11.586090+0000,Open Pump,Injected simulation case: aggressive coordinated buying burst right after replay start.,opening_pump,True
995534318,sell,0.0022015211009174308,69931.25225688073,2026-04-07 17:36:11.655181+0000,Open Pump,Injected simulation case: aggressive coordinated buying burst right after replay start.,opening_pump,True
1005534256,sell,0.3061057922091744,69966.18662277996,2026-04-07 17:36:11.731080+0000,Open Pump,Injected simulation case: aggressive coordinated buying burst right after replay start.,opening_pump,True
1005534255,sell,0.003779730891743119,69981.2796377989,2026-04-07 17:36:11.731080+0000,Open Pump,Injected simulation case: aggressive coordinated buying burst right after replay start.,opening_pump,True
1005534257,sell,0.09872495970275229,69996.37265281784,2026-04-07 17:36:11.731080+0000,Open Pump,Injected simulation case: aggressive coordinated buying burst right after replay start.,opening_pump,True
1005534253,sell,0.5917512228110092,70011.46566783678,2026-04-07 17:36:11.731080+0000,Open Pump,Injected simulation case: aggressive coordinated buying burst right after replay start.,opening_pump,True
1005534254,sell,0.37459548974311935,70026.55868285571,2026-04-07 17:36:11.731080+0000,Open Pump,Injected simulation case: aggressive coordinated buying burst right after replay start.,opening_pump,True
1005534260,sell,0.0007820125431192661,70042.20366200368,2026-04-07 17:36:11.732514+0000,Open Pump,Injected simulation case: aggressive coordinated buying burst right after replay start.,opening_pump,True
1005534259,sell,0.7801887304733945,70056.74471289359,2026-04-07 17:36:11.732514+0000,Open Pump,Injected simulation case: aggressive coordinated buying burst right after replay start.,opening_pump,True
1005534258,sell,0.22377457479633026,70071.83772791251,2026-04-07 17:36:11.732514+0000,Open Pump,Injected simulation case: aggressive coordinated buying burst right after replay start.,opening_pump,True
1005534261,sell,0.6210350993064221,70087.9842440049,2026-04-07 17:36:11.741817+0000,Open Pump,Injected simulation case: aggressive coordinated buying burst right after replay start.,opening_pump,True
1005534262,buy,1.718091743119266e-06,70104.29489972786,2026-04-07 17:36:11.753017+0000,Open Pump,Injected simulation case: aggressive coordinated buying burst right after replay start.,opening_pump,True
1015534161,buy,1.2417321100917431e-06,70167.75136285242,2026-04-07 17:36:11.770329+0000,Open Pump,Injected simulation case: aggressive coordinated buying burst right after replay start.,opening_pump,True
1005534263,sell,0.00872180256880734,70134.49214249615,2026-04-07 17:36:11.811597+0000,Open Pump,Injected simulation case: aggressive coordinated buying burst right after replay start.,opening_pump,True
1015534163,buy,0.04777477027522936,70197.86702650179,2026-04-07 17:36:11.877616+0000,Open Pump,Injected simulation case: aggressive coordinated buying burst right after replay start.,opening_pump,True
1015534162,buy,0.9724853540183486,70213.06310585777,2026-04-07 17:36:11.877616+0000,Open Pump,Injected simulation case: aggressive coordinated buying burst right after replay start.,opening_pump,True
995534319,buy,8.325688073394495e-07,70157.57302825688,2026-04-07 17:36:12.030103+0000,Open Pump,Injected simulation case: aggressive coordinated buying burst right after replay start.,opening_pump,True
1015534164,sell,3.2479999999999996e-06,70238.31130521599,2026-04-07 17:36:12.046755+0000,Open Pump,Injected simulation case: aggressive coordinated buying burst right after replay start.,opening_pump,True
1005534264,sell,6.41628e-05,68549.6739915,2026-04-07 17:36:12.121275+0000,,,,False
1005534265,buy,5.4e-08,68549.663988,2026-04-07 17:36:12.135458+0000,,,,False
1015534165,buy,0.00175392,68592.090877,2026-04-07 17:36:12.259040+0000,,,,False
1015534166,buy,0.011846384,68589.689197,2026-04-07 17:36:12.261524+0000,,,,False
1015534167,buy,5.7999999999999997e-08,68588.11809799999,2026-04-07 17:36:12.270742+0000,,,,False
1005534266,buy,0.0002225232,68549.663988,2026-04-07 17:36:12.368008+0000,,,,False
995534320,sell,1e-07,68528.0,2026-04-07 17:36:12.393361+0000,,,,False
1015534168,sell,0.00016337439999999999,68588.128105,2026-04-07 17:36:12.542706+0000,,,,False
1005534267,buy,3.24e-08,68549.663988,2026-04-07 17:36:12.581046+0000,,,,False
995534321,buy,5e-08,68527.99,2026-04-07 17:36:12.589749+0000,,,,False
1015534170,buy,0.0003187796,68588.11809799999,2026-04-07 17:36:12.657836+0000,,,,False
1015534169,buy,1.9661999999999996e-05,68588.11809799999,2026-04-07 17:36:12.657836+0000,,,,False
1015534171,buy,3.4799999999999994e-08,68588.11809799999,2026-04-07 17:36:12.717640+0000,,,,False
1005534268,buy,5.3568000000000006e-05,68549.663988,2026-04-07 17:36:12.790200+0000,,,,False
1015534174,buy,4.07856e-05,68586.006621,2026-04-07 17:36:12.806966+0000,,,,False
1015534172,buy,0.00175392,68586.57702,2026-04-07 17:36:12.806966+0000,,,,False
1015534173,buy,0.0005077899999999999,68586.01662799998,2026-04-07 17:36:12.806966+0000,,,,False
1005534269,buy,0.010272862800000001,68549.663988,2026-04-07 17:36:13.052787+0000,,,,False
995534322,buy,4e-08,68527.99,2026-04-07 17:36:13.062371+0000,,,,False
1005534270,buy,3.24e-08,68549.663988,2026-04-07 17:36:13.114546+0000,,,,False
995534323,sell,1.4e-07,68528.0,2026-04-07 17:36:13.148974+0000,,,,False
1015534175,buy,0.0067750148,68584.785767,2026-04-07 17:36:13.152262+0000,,,,False
995534324,buy,0.00037037,68527.99,2026-04-07 17:36:13.173195+0000,,,,False
1015534176,buy,1.044e-07,68584.785767,2026-04-07 17:36:13.173436+0000,,,,False
1005534271,sell,1.08e-07,68549.6739915,2026-04-07 17:36:13.184887+0000,,,,False
1015534177,sell,0.0006742964,68584.795774,2026-04-07 17:36:13.216843+0000,,,,False
1005534274,buy,0.0110323512,68547.263148,2026-04-07 17:36:13.462048+0000,,,,False
1005534272,buy,1.836e-05,68547.423204,2026-04-07 17:36:13.462048+0000,,,,False
1005534273,buy,0.033067872000000005,68547.423204,2026-04-07 17:36:13.462048+0000,,,,False
995534325,buy,7e-08,68527.99,2026-04-07 17:36:13.499393+0000,,,,False
1005534275,buy,3.24e-08,68544.9523395,2026-04-07 17:36:13.569856+0000,,,,False
1015534178,buy,8.12e-08,68584.785767,2026-04-07 17:36:13.604491+0000,,,,False
1015534179,buy,0.0017538388,68584.785767,2026-04-07 17:36:13.605997+0000,,,,False
1015534180,buy,1.9719999999999998e-05,68584.77576,2026-04-07 17:36:13.605997+0000,,,,False
1015534182,buy,0.00080388,68580.08247699999,2026-04-07 17:36:13.606422+0000,,,,False
1015534181,buy,1.9719999999999998e-05,68581.433422,2026-04-07 17:36:13.606422+0000,,,,False
1015534183,buy,0.0008236,68580.08247699999,2026-04-07 17:36:13.606544+0000,,,,False
1015534184,buy,0.0008236,68580.08247699999,2026-04-07 17:36:13.606636+0000,,,,False
1015534185,buy,0.012358013599999999,68580.08247699999,2026-04-07 17:36:13.606664+0000,,,,False
1015534187,buy,0.00080388,68578.011028,2026-04-07 17:36:13.606870+0000,,,,False
1015534186,buy,1.9719999999999998e-05,68578.09108399999,2026-04-07 17:36:13.606870+0000,,,,False
1015534195,buy,0.11340206399999998,68572.407108,2026-04-07 17:36:13.607349+0000,,,,False
1015534194,buy,0.0116,68572.9675,2026-04-07 17:36:13.607349+0000,,,,False
1015534193,buy,1.9719999999999998e-05,68574.748746,2026-04-07 17:36:13.607349+0000,,,,False
1015534191,buy,0.050782062399999994,68576.08968399999,2026-04-07 17:36:13.607349+0000,,,,False
1015534189,buy,0.0116,68577.97099999999,2026-04-07 17:36:13.607349+0000,,,,False
1015534192,buy,0.020733375999999998,68575.05896299999,2026-04-07 17:36:13.607349+0000,,,,False
1015534190,buy,0.0045008,68576.79017400001,2026-04-07 17:36:13.607349+0000,,,,False
1015534188,buy,0.00819772,68578.011028,2026-04-07 17:36:13.607349+0000,,,,False
1015534203,buy,1.9719999999999998e-05,68571.406408,2026-04-07 17:36:13.607797+0000,,,,False
1015534200,buy,0.0180032,68572.08688399999,2026-04-07 17:36:13.607797+0000,,,,False
1015534196,buy,0.006673248,68572.407108,2026-04-07 17:36:13.607797+0000,,,,False
1015534197,buy,0.0928,68572.38709399999,2026-04-07 17:36:13.607797+0000,,,,False
1015534199,buy,0.025393641199999997,68572.12691199999,2026-04-07 17:36:13.607797+0000,,,,False
1015534198,buy,0.0928,68572.38709399999,2026-04-07 17:36:13.607797+0000,,,,False
1015534202,buy,0.152192,68571.686604,2026-04-07 17:36:13.607797+0000,,,,False
1015534204,buy,0.0296181872,68571.076177,2026-04-07 17:36:13.607797+0000,,,,False
1015534201,buy,0.16928440279999998,68571.69661099999,2026-04-07 17:36:13.607797+0000,,,,False
1015534205,buy,0.0008236,68570.575827,2026-04-07 17:36:13.607890+0000,,,,False
1015534211,buy,0.00928,68567.39360099999,2026-04-07 17:36:13.607965+0000,,,,False
1015534212,buy,0.00928,68567.383594,2026-04-07 17:36:13.607965+0000,,,,False
1015534206,buy,0.33775073879999995,68570.575827,2026-04-07 17:36:13.607965+0000,,,,False
1015534213,buy,0.00928,68567.313545,2026-04-07 17:36:13.607965+0000,,,,False
1015534208,buy,1.9719999999999998e-05,68568.06407000001,2026-04-07 17:36:13.607965+0000,,,,False
1015534207,buy,0.0414630632,68569.294931,2026-04-07 17:36:13.607965+0000,,,,False
1015534209,buy,0.0116,68567.96399999999,2026-04-07 17:36:13.607965+0000,,,,False
1015534210,buy,0.030067199999999995,68567.443636,2026-04-07 17:36:13.607965+0000,,,,False
1015534214,buy,0.00045239999999999994,68566.13271899999,2026-04-07 17:36:13.609697+0000,,,,False
1015534215,sell,0.059065344,68567.96399999999,2026-04-07 17:36:13.666599+0000,,,,False
1015534216,sell,0.033081344,68567.96399999999,2026-04-07 17:36:13.667716+0000,,,,False
1015534217,sell,0.056861343999999994,68567.343566,2026-04-07 17:36:13.677839+0000,,,,False
1015534218,sell,0.059181344,68567.343566,2026-04-07 17:36:13.678120+0000,,,,False
1015534219,sell,0.057093344,68567.353573,2026-04-07 17:36:13.689366+0000,,,,False
1015534220,sell,0.0191164056,68567.353573,2026-04-07 17:36:13.689517+0000,,,,False
1005534276,buy,0.1579082904,68544.9523395,2026-04-07 17:36:13.727743+0000,,,,False
1005534277,buy,0.009303357600000001,68544.9523395,2026-04-07 17:36:13.728001+0000,,,,False
1005534278,buy,0.0052654644,68544.9523395,2026-04-07 17:36:13.728248+0000,,,,False
995534326,sell,7.217e-05,68528.0,2026-04-07 17:36:13.800202+0000,,,,False
1015534221,sell,0.05860134399999999,68576.359873,2026-04-07 17:36:13.822746+0000,,,,False
1015534222,sell,0.05744134399999999,68576.359873,2026-04-07 17:36:13.823410+0000,,,,False
1015534223,sell,0.023105343999999996,68576.359873,2026-04-07 17:36:13.833915+0000,,,,False
1015534224,sell,1.1599999999999999e-07,68580.722925,2026-04-07 17:36:13.873860+0000,,,,False
995534327,buy,5e-08,68527.99,2026-04-07 17:36:13.966097+0000,,,,False
1005534279,sell,0.055207872000000005,68544.962343,2026-04-07 17:36:13.973859+0000,,,,False
1005534283,sell,0.023645206800000002,68544.962343,2026-04-07 17:36:13.973883+0000,,,,False
1005534284,sell,0.00039403800000000004,68544.962343,2026-04-07 17:36:13.973883+0000,,,,False
1005534281,sell,0.013557888,68544.962343,2026-04-07 17:36:13.973883+0000,,,,False
1005534282,sell,0.00021456360000000001,68544.962343,2026-04-07 17:36:13.973883+0000,,,,False
1005534280,sell,0.03936170160000001,68544.962343,2026-04-07 17:36:13.973883+0000,,,,False
1005534287,sell,0.0260374068,68547.8533545,2026-04-07 17:36:13.974398+0000,,,,False
1005534285,sell,0.015761358,68545.9927035,2026-04-07 17:36:13.974398+0000,,,,False
1005534286,sell,0.011033107200000001,68547.36318300001,2026-04-07 17:36:13.974398+0000,,,,False
1005534288,sell,0.1493890884,68547.8533545,2026-04-07 17:36:13.974825+0000,,,,False
1005534289,sell,0.08650800000000002,68547.8533545,2026-04-07 17:36:13.974855+0000,,,,False
1005534290,sell,0.05328412200000001,68547.8533545,2026-04-07 17:36:13.974972+0000,,,,False
1015534225,buy,4.64e-08,68581.97379999999,2026-04-07 17:36:14.058032+0000,,,,False
1005534291,sell,0.00045144000000000006,68551.61467050001,2026-04-07 17:36:14.066243+0000,,,,False
1005534292,buy,5.4e-08,68553.44531100002,2026-04-07 17:36:14.076661+0000,,,,False
995534328,sell,1e-07,68528.0,2026-04-07 17:36:14.080388+0000,,,,False
995534334,sell,2.826e-05,68528.02,2026-04-07 17:36:14.279825+0000,,,,False
995534333,sell,0.03,68528.02,2026-04-07 17:36:14.279825+0000,,,,False
995534331,sell,0.00019112,68528.0,2026-04-07 17:36:14.279825+0000,,,,False
995534330,sell,0.03,68528.0,2026-04-07 17:36:14.279825+0000,,,,False
995534329,sell,0.08748294,68528.0,2026-04-07 17:36:14.279825+0000,,,,False
995534332,sell,0.00482445,68528.0,2026-04-07 17:36:14.279825+0000,,,,False
1015534226,buy,0.0027963539999999996,68584.76575299999,2026-04-07 17:36:14.281785+0000,,,,False
995534336,sell,1.7e-05,68530.12,2026-04-07 17:36:14.291610+0000,,,,False
995534335,sell,0.00011309,68530.0,2026-04-07 17:36:14.291610+0000,,,,False
1005534293,buy,5.4e-08,68553.44531100002,2026-04-07 17:36:14.445764+0000,,,,False
995534337,buy,7e-08,68533.45,2026-04-07 17:36:14.452773+0000,,,,False
1015534227,sell,1.9719999999999998e-05,68584.77576,2026-04-07 17:36:14.464072+0000,,,,False
1015534228,sell,0.0032719771999999998,68584.77576,2026-04-07 17:36:14.464072+0000,,,,False
1015534229,buy,0.0004231332,68582.294024,2026-04-07 17:36:14.520139+0000,,,,False
1015534230,buy,0.00175508,68582.284017,2026-04-07 17:36:14.520139+0000,,,,False
1015534231,buy,4.64e-08,68575.9696,2026-04-07 17:36:14.524180+0000,,,,False
995534338,sell,1.7e-05,68533.46,2026-04-07 17:36:14.591870+0000,,,,False
995534339,sell,1.7e-05,68536.8,2026-04-07 17:36:14.602158+0000,,,,False
995534340,sell,0.0484184,68539.12,2026-04-07 17:36:14.680517+0000,,,,False
1015534232,sell,0.0004231912,68576.740139,2026-04-07 17:36:14.691742+0000,,,,False
995534342,sell,0.003783,68540.63,2026-04-07 17:36:14.693211+0000,,,,False
995534341,sell,1.7e-05,68540.14,2026-04-07 17:36:14.693211+0000,,,,False
1015534233,sell,0.058253344,68577.68079700001,2026-04-07 17:36:14.703845+0000,,,,False
1015534234,sell,0.05778934399999999,68577.68079700001,2026-04-07 17:36:14.704209+0000,,,,False
995534343,sell,1.625e-05,68540.63,2026-04-07 17:36:14.713871+0000,,,,False
995534344,sell,0.00758375,68543.37,2026-04-07 17:36:14.713871+0000,,,,False
1015534235,sell,0.0405508508,68582.213968,2026-04-07 17:36:14.714978+0000,,,,False
995534346,sell,1.7e-05,68543.48,2026-04-07 17:36:14.718752+0000,,,,False
995534345,sell,1.476e-05,68543.37,2026-04-07 17:36:14.718752+0000,,,,False
995534347,sell,1.7e-05,68546.82,2026-04-07 17:36:14.731003+0000,,,,False
995534348,sell,0.01519702,68548.84,2026-04-07 17:36:14.740886+0000,,,,False
995534349,sell,1.7e-05,68550.16,2026-04-07 17:36:14.747497+0000,,,,False
1005534294,sell,0.00010658520000000001,68553.45531450001,2026-04-07 17:36:14.748639+0000,,,,False
1005534295,sell,1.08e-07,68553.45531450001,2026-04-07 17:36:14.820532+0000,,,,False
1005534296,buy,2.16e-08,68553.44531100002,2026-04-07 17:36:14.824186+0000,,,,False
995534350,buy,0.00969435,68550.3,2026-04-07 17:36:14.889683+0000,,,,False
995534351,buy,1.1e-07,68550.3,2026-04-07 17:36:14.891427+0000,,,,False
1005534297,buy,0.00039399480000000005,68553.44531100002,2026-04-07 17:36:14.902271+0000,,,,False
1015534236,buy,5.7999999999999997e-08,68582.26400299999,2026-04-07 17:36:14.927908+0000,,,,False
995534352,sell,2.3e-07,68550.72,2026-04-07 17:36:15.135227+0000,,,,False
995534353,sell,2.3e-07,68550.73,2026-04-07 17:36:15.135227+0000,,,,False
995534354,sell,2.3e-07,68550.74,2026-04-07 17:36:15.135227+0000,,,,False
995534355,sell,1.7e-05,68553.5,2026-04-07 17:36:15.156120+0000,,,,False
995534357,sell,2.3e-07,68554.16,2026-04-07 17:36:15.156120+0000,,,,False
995534356,sell,2.3e-07,68554.15,2026-04-07 17:36:15.156120+0000,,,,False
1015534237,buy,4.07856e-05,68582.26400299999,2026-04-07 17:36:15.160261+0000,,,,False
1015534238,buy,0.0004231448,68582.26400299999,2026-04-07 17:36:15.160261+0000,,,,False
995534358,sell,1.7e-05,68556.84,2026-04-07 17:36:15.161346+0000,,,,False
1015534239,buy,0.00175508,68579.59213399999,2026-04-07 17:36:15.180576+0000,,,,False
995534359,buy,4e-08,68560.17,2026-04-07 17:36:15.187374+0000,,,,False
995534362,sell,2.3e-07,68561.3,2026-04-07 17:36:15.255273+0000,,,,False
995534361,sell,2.3e-07,68561.29,2026-04-07 17:36:15.255273+0000,,,,False
995534360,sell,1.7e-05,68560.18,2026-04-07 17:36:15.255273+0000,,,,False
995534363,sell,2.3e-07,68561.31,2026-04-07 17:36:15.255273+0000,,,,False
995534364,sell,1.7e-05,68563.52,2026-04-07 17:36:15.255273+0000,,,,False
1005534298,buy,3.24e-08,68551.97479650001,2026-04-07 17:36:15.262746+0000,,,,False
995534365,sell,1.7e-05,68566.86,2026-04-07 17:36:15.292523+0000,,,,False
995534366,sell,0.03,68566.86,2026-04-07 17:36:15.292523+0000,,,,False
995534367,sell,0.0219014,68566.88,2026-04-07 17:36:15.292523+0000,,,,False
995534368,sell,0.0080986,68566.88,2026-04-07 17:36:15.330997+0000,,,,False
995534369,sell,2.3e-07,68570.06,2026-04-07 17:36:15.330997+0000,,,,False
995534370,sell,2.3e-07,68570.07,2026-04-07 17:36:15.330997+0000,,,,False
995534371,sell,2.3e-07,68570.08,2026-04-07 17:36:15.330997+0000,,,,False
1015534240,sell,0.00011990919999999998,68574.76875999999,2026-04-07 17:36:15.340283+0000,,,,False
1015534241,buy,3.4799999999999994e-08,68574.75875299999,2026-04-07 17:36:15.352694+0000,,,,False
995534372,sell,1.7e-05,68570.2,2026-04-07 17:36:15.378187+0000,,,,False
995534373,buy,0.03092,68573.53,2026-04-07 17:36:15.484372+0000,,,,False
1015534242,sell,1.1599999999999999e-07,68574.76875999999,2026-04-07 17:36:15.495627+0000,,,,False
995534374,buy,0.34746222,68569.81,2026-04-07 17:36:15.500783+0000,,,,False
995534375,buy,5e-08,68569.81,2026-04-07 17:36:15.577222+0000,,,,False
1005534299,buy,6.48e-08,68549.7340125,2026-04-07 17:36:15.648652+0000,,,,False
995534376,sell,1e-07,68569.82,2026-04-07 17:36:15.791941+0000,,,,False
1015534243,buy,3.4799999999999994e-08,68574.75875299999,2026-04-07 17:36:15.823232+0000,,,,False
1005534301,sell,0.0291903264,68549.744016,2026-04-07 17:36:15.949285+0000,,,,False
1005534300,sell,0.023641545600000004,68549.744016,2026-04-07 17:36:15.949285+0000,,,,False
1005534305,sell,0.0324,68549.76402300001,2026-04-07 17:36:15.950707+0000,,,,False
1005534304,sell,0.0002294784,68549.744016,2026-04-07 17:36:15.950707+0000,,,,False
1005534303,sell,0.0043617204,68549.744016,2026-04-07 17:36:15.950707+0000,,,,False
1005534302,sell,0.0032096736,68549.744016,2026-04-07 17:36:15.950707+0000,,,,False
995534377,buy,5e-08,68569.81,2026-04-07 17:36:15.982392+0000,,,,False
1005534306,buy,3.24e-08,68553.97549650002,2026-04-07 17:36:16.144918+0000,,,,False
1005534307,buy,1.1880000000000002e-07,68553.97549650002,2026-04-07 17:36:16.188206+0000,,,,False
995534378,sell,9.389e-05,68569.82,2026-04-07 17:36:16.239953+0000,,,,False
995534379,buy,0.18348477,68569.81,2026-04-07 17:36:16.241161+0000,,,,False
995534380,buy,0.021,68569.81,2026-04-07 17:36:16.241215+0000,,,,False
995534381,buy,0.34805291,68569.81,2026-04-07 17:36:16.241410+0000,,,,False
995534382,buy,0.00160522,68567.8,2026-04-07 17:36:16.245049+0000,,,,False
995534383,buy,0.00860304,68567.8,2026-04-07 17:36:16.246039+0000,,,,False
995534384,buy,0.001516,68567.03,2026-04-07 17:36:16.260422+0000,,,,False
1015534244,buy,6.959999999999999e-08,68574.748746,2026-04-07 17:36:16.318123+0000,,,,False
1005534308,sell,0.0003942108,68553.98550000001,2026-04-07 17:36:16.323158+0000,,,,False
1015534245,buy,1.96504e-05,68574.748746,2026-04-07 17:36:16.346468+0000,,,,False
1015534246,buy,0.0013905616,68574.748746,2026-04-07 17:36:16.346468+0000,,,,False
1005534309,sell,0.00023868,68553.98550000001,2026-04-07 17:36:16.372934+0000,,,,False
1005534310,sell,3.1319999999999997e-07,68553.98550000001,2026-04-07 17:36:16.400793+0000,,,,False
995534385,buy,2e-08,68563.27,2026-04-07 17:36:16.460755+0000,,,,False
1005534311,sell,1.08e-07,68553.98550000001,2026-04-07 17:36:16.491241+0000,,,,False
995534386,sell,0.02352332,68563.58,2026-04-07 17:36:16.528853+0000,,,,False
1005534312,buy,2.16e-08,68553.97549650002,2026-04-07 17:36:16.531172+0000,,,,False
1005534313,buy,0.0330678504,68553.97549650002,2026-04-07 17:36:16.624151+0000,,,,False
1015534247,sell,0.0005173599999999999,68574.75875299999,2026-04-07 17:36:16.685167+0000,,,,False
1015534248,buy,3.4799999999999994e-08,68574.748746,2026-04-07 17:36:16.713113+0000,,,,False
995534387,sell,0.000285,68571.48,2026-04-07 17:36:16.782334+0000,,,,False
1015534249,buy,1.276e-07,68574.748746,2026-04-07 17:36:16.795454+0000,,,,False
995534388,buy,2e-08,68571.47,2026-04-07 17:36:16.887524+0000,,,,False
1005534314,buy,2.16e-08,68551.97479650001,2026-04-07 17:36:16.931186+0000,,,,False
995534389,buy,5.325e-05,68571.47,2026-04-07 17:36:16.947036+0000,,,,False
1005534315,sell,3.1319999999999997e-07,68551.9848,2026-04-07 17:36:16.978598+0000,,,,False
1015534250,buy,5.7999999999999997e-08,68571.41641499999,2026-04-07 17:36:17.151062+0000,,,,False
1015534251,buy,0.00034117919999999995,68571.41641499999,2026-04-07 17:36:17.190759+0000,,,,False
1005534316,sell,0.0007801056000000001,68551.9848,2026-04-07 17:36:17.214252+0000,,,,False
1015534252,sell,1.1599999999999999e-07,68571.426422,2026-04-07 17:36:17.242949+0000,,,,False
995534390,buy,3e-08,68571.47,2026-04-07 17:36:17.357367+0000,,,,False
1005534317,buy,3.24e-08,68551.97479650001,2026-04-07 17:36:17.376090+0000,,,,False
1005534318,sell,9.89172e-05,68551.9848,2026-04-07 17:36:17.445181+0000,,,,False
995534391,sell,1e-07,68571.48,2026-04-07 17:36:17.501588+0000,,,,False
1015534254,sell,0.015918482799999998,68571.426422,2026-04-07 17:36:17.521080+0000,,,,False
1015534255,sell,0.00016548559999999998,68571.426422,2026-04-07 17:36:17.521080+0000,,,,False
1015534256,sell,0.0135387428,68571.426422,2026-04-07 17:36:17.521080+0000,,,,False
1015534253,sell,0.0253954276,68571.426422,2026-04-07 17:36:17.521080+0000,,,,False
1015534257,sell,0.0042792051999999995,68571.426422,2026-04-07 17:36:17.521080+0000,,,,False
1015534258,sell,0.0092377296,68571.426422,2026-04-07 17:36:17.522514+0000,,,,False
1015534260,sell,3.29092e-05,68571.9668,2026-04-07 17:36:17.522514+0000,,,,False
1015534259,sell,0.032516864799999996,68571.426422,2026-04-07 17:36:17.522514+0000,,,,False
1015534261,sell,0.0253954276,68572.457143,2026-04-07 17:36:17.531817+0000,,,,False
995534392,sell,0.00043339,68571.48,2026-04-07 17:36:17.539718+0000,,,,False
1015534262,buy,6.959999999999999e-08,68573.647976,2026-04-07 17:36:17.543017+0000,,,,False
1015534263,sell,0.00034684,68573.657983,2026-04-07 17:36:17.601597+0000,,,,False
995534393,buy,0.00010518,68571.47,2026-04-07 17:36:17.710826+0000,,,,False
1005534319,buy,3.24e-08,68551.97479650001,2026-04-07 17:36:17.820103+0000,,,,False
995534394,buy,2e-08,68571.47,2026-04-07 17:36:17.840513+0000,,,,False
1015534264,sell,6.89156e-05,68573.657983,2026-04-07 17:36:17.911275+0000,,,,False
1015534265,buy,5.7999999999999997e-08,68573.647976,2026-04-07 17:36:17.925458+0000,,,,False
1015534266,buy,0.0002390064,68573.647976,2026-04-07 17:36:18.158008+0000,,,,False
1005534320,sell,1.08e-07,68551.9848,2026-04-07 17:36:18.183361+0000,,,,False
995534398,sell,2.824e-05,68569.8,2026-04-07 17:36:18.240839+0000,,,,False
995534395,sell,0.01401589,68569.09,2026-04-07 17:36:18.240839+0000,,,,False
995534396,sell,0.02187978,68569.09,2026-04-07 17:36:18.240839+0000,,,,False
995534397,sell,0.00032842,68569.09,2026-04-07 17:36:18.240839+0000,,,,False
995534399,buy,5e-08,68573.53,2026-04-07 17:36:18.300240+0000,,,,False
1015534267,buy,3.4799999999999994e-08,68573.647976,2026-04-07 17:36:18.371046+0000,,,,False
1005534321,buy,5.4e-08,68551.97479650001,2026-04-07 17:36:18.379749+0000,,,,False
1015534268,buy,5.753599999999999e-05,68573.647976,2026-04-07 17:36:18.580200+0000,,,,False
995534402,sell,0.0729,68574.74,2026-04-07 17:36:18.616683+0000,,,,False
995534401,sell,0.01401589,68573.54,2026-04-07 17:36:18.616683+0000,,,,False
995534400,sell,1.7e-05,68573.54,2026-04-07 17:36:18.616683+0000,,,,False
995534406,sell,1.7e-05,68576.88,2026-04-07 17:36:18.617251+0000,,,,False
995534403,sell,2.3e-07,68576.68,2026-04-07 17:36:18.617251+0000,,,,False
995534404,sell,2.3e-07,68576.69,2026-04-07 17:36:18.617251+0000,,,,False
995534405,sell,2.3e-07,68576.7,2026-04-07 17:36:18.617251+0000,,,,False
995534407,sell,0.02189111,68576.9,2026-04-07 17:36:18.617251+0000,,,,False
995534408,sell,0.08749171,68577.92,2026-04-07 17:36:18.617251+0000,,,,False
995534409,sell,2.3e-07,68578.01,2026-04-07 17:36:18.617251+0000,,,,False
995534410,sell,2.3e-07,68578.02,2026-04-07 17:36:18.617251+0000,,,,False
995534411,sell,0.02189111,68576.97,2026-04-07 17:36:18.629985+0000,,,,False
995534412,sell,1.7e-05,68580.22,2026-04-07 17:36:18.696126+0000,,,,False
995534414,sell,0.02189111,68584.98,2026-04-07 17:36:18.717560+0000,,,,False
995534413,sell,1.7e-05,68583.56,2026-04-07 17:36:18.717560+0000,,,,False
995534417,sell,1.7e-05,68586.9,2026-04-07 17:36:18.718197+0000,,,,False
995534415,sell,0.04376677,68586.46,2026-04-07 17:36:18.718197+0000,,,,False
995534418,sell,0.00353331,68587.06,2026-04-07 17:36:18.718197+0000,,,,False
995534419,sell,0.01695863,68587.19,2026-04-07 17:36:18.718197+0000,,,,False
995534416,sell,0.00145815,68586.8,2026-04-07 17:36:18.718197+0000,,,,False
995534420,sell,0.07052126,68587.19,2026-04-07 17:36:18.718830+0000,,,,False
995534421,sell,0.02189111,68587.05,2026-04-07 17:36:18.728702+0000,,,,False
995534422,buy,2e-08,68587.04,2026-04-07 17:36:18.740699+0000,,,,False
995534425,sell,0.00706661,68589.61,2026-04-07 17:36:18.744537+0000,,,,False
995534423,sell,0.01245,68589.53,2026-04-07 17:36:18.744537+0000,,,,False
995534424,sell,0.01245,68589.53,2026-04-07 17:36:18.744537+0000,,,,False
995534426,sell,0.00026963,68590.0,2026-04-07 17:36:18.744537+0000,,,,False
995534427,sell,1.7e-05,68590.24,2026-04-07 17:36:18.744537+0000,,,,False
995534428,sell,0.00029191,68591.95,2026-04-07 17:36:18.768538+0000,,,,False
1015534269,buy,0.0110338156,68573.647976,2026-04-07 17:36:18.842787+0000,,,,False
1005534322,buy,4.32e-08,68551.97479650001,2026-04-07 17:36:18.852371+0000,,,,False
1015534270,buy,3.4799999999999994e-08,68573.647976,2026-04-07 17:36:18.904546+0000,,,,False
1005534323,sell,1.5120000000000003e-07,68551.9848,2026-04-07 17:36:18.938974+0000,,,,False
1005534324,buy,0.00039999960000000005,68551.97479650001,2026-04-07 17:36:18.963195+0000,,,,False
1015534271,sell,1.1599999999999999e-07,68573.657983,2026-04-07 17:36:18.974887+0000,,,,False
995534429,sell,1.7e-05,68593.58,2026-04-07 17:36:18.993597+0000,,,,False
995534431,sell,0.03070979,68597.36,2026-04-07 17:36:18.999712+0000,,,,False
995534430,sell,1.7e-05,68596.92,2026-04-07 17:36:18.999712+0000,,,,False
995534433,sell,0.14577259,68600.0,2026-04-07 17:36:18.999712+0000,,,,False
995534432,sell,0.02365149,68600.0,2026-04-07 17:36:18.999712+0000,,,,False
995534434,sell,1.7e-05,68600.26,2026-04-07 17:36:18.999712+0000,,,,False
995534435,sell,0.00013996,68601.57,2026-04-07 17:36:19.060596+0000,,,,False
995534436,sell,0.20293467,68601.57,2026-04-07 17:36:19.080442+0000,,,,False
995534437,sell,0.32068581,68601.57,2026-04-07 17:36:19.080734+0000,,,,False
995534438,sell,0.07191127,68601.57,2026-04-07 17:36:19.080785+0000,,,,False
995534439,sell,0.15432829,68601.57,2026-04-07 17:36:19.080800+0000,,,,False
995534440,sell,1.7e-05,68603.6,2026-04-07 17:36:19.093126+0000,,,,False
995534442,sell,0.234266,68613.9,2026-04-07 17:36:19.093126+0000,,,,False
995534441,sell,1.7e-05,68606.94,2026-04-07 17:36:19.093126+0000,,,,False
995534443,sell,0.0943,68613.9,2026-04-07 17:36:19.095332+0000,,,,False
995534444,sell,0.38250485,68613.9,2026-04-07 17:36:19.096212+0000,,,,False
995534445,sell,0.0125,68614.55,2026-04-07 17:36:19.118926+0000,,,,False
995534446,sell,0.0125,68614.55,2026-04-07 17:36:19.118926+0000,,,,False
995534448,sell,1.7e-05,68616.96,2026-04-07 17:36:19.118926+0000,,,,False
995534447,sell,0.00342731,68616.08,2026-04-07 17:36:19.118926+0000,,,,False
995534449,sell,0.01370923,68617.11,2026-04-07 17:36:19.141282+0000,,,,False
995534450,buy,2e-08,68617.1,2026-04-07 17:36:19.159086+0000,,,,False
995534451,sell,1e-07,68622.93,2026-04-07 17:36:19.162555+0000,,,,False
1015534273,buy,0.035517344,68571.406408,2026-04-07 17:36:19.252048+0000,,,,False
1015534272,buy,1.9719999999999998e-05,68571.406408,2026-04-07 17:36:19.252048+0000,,,,False
1015534274,buy,0.011849562399999998,68571.246296,2026-04-07 17:36:19.252048+0000,,,,False
1005534325,buy,7.560000000000002e-08,68551.97479650001,2026-04-07 17:36:19.289393+0000,,,,False
995534454,sell,0.01861137,68624.01,2026-04-07 17:36:19.325643+0000,,,,False
995534453,sell,0.00209106,68622.93,2026-04-07 17:36:19.325643+0000,,,,False
995534452,sell,0.00036433,68622.92,2026-04-07 17:36:19.325643+0000,,,,False
995534455,sell,0.00036433,68624.01,2026-04-07 17:36:19.327358+0000,,,,False
995534456,sell,0.12884633,68629.8,2026-04-07 17:36:19.337985+0000,,,,False
995534457,sell,0.00235367,68629.8,2026-04-07 17:36:19.339431+0000,,,,False
995534459,sell,0.0125,68636.31,2026-04-07 17:36:19.357090+0000,Flash Dump,Injected simulation case: abrupt sell collapse with abnormal trade intensity.,flash_dump,True
995534463,sell,0.08664506722689075,68626.07665478991,2026-04-07 17:36:19.357090+0000,Flash Dump,Injected simulation case: abrupt sell collapse with abnormal trade intensity.,flash_dump,True
995534462,sell,0.012168067226890756,68611.13375327732,2026-04-07 17:36:19.357090+0000,Flash Dump,Injected simulation case: abrupt sell collapse with abnormal trade intensity.,flash_dump,True
995534461,sell,0.0005077310924369747,68597.11073882353,2026-04-07 17:36:19.357090+0000,Flash Dump,Injected simulation case: abrupt sell collapse with abnormal trade intensity.,flash_dump,True
995534460,sell,3.471428571428571e-05,68581.62897478991,2026-04-07 17:36:19.357090+0000,Flash Dump,Injected simulation case: abrupt sell collapse with abnormal trade intensity.,flash_dump,True
995534458,sell,0.02302521008403361,68565.78823529412,2026-04-07 17:36:19.357090+0000,Flash Dump,Injected simulation case: abrupt sell collapse with abnormal trade intensity.,flash_dump,True
995534464,sell,0.06252269327731091,68556.85992873949,2026-04-07 17:36:19.357700+0000,Flash Dump,Injected simulation case: abrupt sell collapse with abnormal trade intensity.,flash_dump,True
995534465,sell,0.02105887058823529,68543.01658352942,2026-04-07 17:36:19.358038+0000,Flash Dump,Injected simulation case: abrupt sell collapse with abnormal trade intensity.,flash_dump,True
995534466,sell,0.03024551857142857,68529.17323831933,2026-04-07 17:36:19.359390+0000,Flash Dump,Injected simulation case: abrupt sell collapse with abnormal trade intensity.,flash_dump,True
1015534275,buy,1.1638991596638653e-07,68444.47341941459,2026-04-07 17:36:19.359856+0000,Flash Dump,Injected simulation case: abrupt sell collapse with abnormal trade intensity.,flash_dump,True
995534470,sell,0.028840336134453783,68501.5863462185,2026-04-07 17:36:19.363983+0000,Flash Dump,Injected simulation case: abrupt sell collapse with abnormal trade intensity.,flash_dump,True
995534472,sell,0.0202333512605042,68487.82280336136,2026-04-07 17:36:19.363983+0000,Flash Dump,Injected simulation case: abrupt sell collapse with abnormal trade intensity.,flash_dump,True
995534468,sell,0.08583010084033613,68473.799857479,2026-04-07 17:36:19.363983+0000,Flash Dump,Injected simulation case: abrupt sell collapse with abnormal trade intensity.,flash_dump,True
995534469,sell,0.0438655462184874,68460.03630252101,2026-04-07 17:36:19.363983+0000,Flash Dump,Injected simulation case: abrupt sell collapse with abnormal trade intensity.,flash_dump,True
995534467,sell,0.03717647058823529,68445.47497411765,2026-04-07 17:36:19.363983+0000,Flash Dump,Injected simulation case: abrupt sell collapse with abnormal trade intensity.,flash_dump,True
995534471,sell,0.039260504201680674,68432.40939831932,2026-04-07 17:36:19.363983+0000,Flash Dump,Injected simulation case: abrupt sell collapse with abnormal trade intensity.,flash_dump,True
995534475,sell,0.22600030336134452,68419.03450823529,2026-04-07 17:36:19.364692+0000,Flash Dump,Injected simulation case: abrupt sell collapse with abnormal trade intensity.,flash_dump,True
995534476,sell,0.05395527714285713,68407.45325714286,2026-04-07 17:36:19.364692+0000,Flash Dump,Injected simulation case: abrupt sell collapse with abnormal trade intensity.,flash_dump,True
995534473,sell,0.01573439025210084,68390.91913277311,2026-04-07 17:36:19.364692+0000,Flash Dump,Injected simulation case: abrupt sell collapse with abnormal trade intensity.,flash_dump,True
995534474,sell,0.04759663865546218,68377.12555966387,2026-04-07 17:36:19.364692+0000,Flash Dump,Injected simulation case: abrupt sell collapse with abnormal trade intensity.,flash_dump,True
995534484,sell,0.8147630252100841,68369.86550588235,2026-04-07 17:36:19.374476+0000,Flash Dump,Injected simulation case: abrupt sell collapse with abnormal trade intensity.,flash_dump,True
995534483,sell,0.04311268823529412,68355.7917552941,2026-04-07 17:36:19.374476+0000,Flash Dump,Injected simulation case: abrupt sell collapse with abnormal trade intensity.,flash_dump,True
995534481,sell,0.03924226890756303,68340.71257882351,2026-04-07 17:36:19.374476+0000,Flash Dump,Injected simulation case: abrupt sell collapse with abnormal trade intensity.,flash_dump,True
995534479,sell,0.012153632268907564,68325.78320672268,2026-04-07 17:36:19.374476+0000,Flash Dump,Injected simulation case: abrupt sell collapse with abnormal trade intensity.,flash_dump,True
995534478,sell,0.024606595714285716,68311.19262857143,2026-04-07 17:36:19.374476+0000,Flash Dump,Injected simulation case: abrupt sell collapse with abnormal trade intensity.,flash_dump,True
995534480,sell,0.04379848739495799,68298.84100840335,2026-04-07 17:36:19.374476+0000,Flash Dump,Injected simulation case: abrupt sell collapse with abnormal trade intensity.,flash_dump,True
995534482,sell,0.0022655504201680673,68285.7825062185,2026-04-07 17:36:19.374476+0000,Flash Dump,Injected simulation case: abrupt sell collapse with abnormal trade intensity.,flash_dump,True
995534477,sell,0.40246113781512605,68269.01399663865,2026-04-07 17:36:19.374476+0000,Flash Dump,Injected simulation case: abrupt sell collapse with abnormal trade intensity.,flash_dump,True
995534485,sell,0.02425523470588235,68262.3294117647,2026-04-07 17:36:19.427679+0000,Flash Dump,Injected simulation case: abrupt sell collapse with abnormal trade intensity.,flash_dump,True
995534486,sell,0.0029941176470588233,68249.01093378151,2026-04-07 17:36:19.427679+0000,Flash Dump,Injected simulation case: abrupt sell collapse with abnormal trade intensity.,flash_dump,True
995534487,sell,0.05740304302521009,68238.1671764706,2026-04-07 17:36:19.446830+0000,Flash Dump,Injected simulation case: abrupt sell collapse with abnormal trade intensity.,flash_dump,True
995534488,sell,0.00015428571428571428,68227.78926252101,2026-04-07 17:36:19.446830+0000,Flash Dump,Injected simulation case: abrupt sell collapse with abnormal trade intensity.,flash_dump,True
995534489,sell,0.0066286554621848735,68205.95435294117,2026-04-07 17:36:19.463577+0000,Flash Dump,Injected simulation case: abrupt sell collapse with abnormal trade intensity.,flash_dump,True
995534490,sell,0.0068136134453781515,68192.10917647058,2026-04-07 17:36:19.463671+0000,Flash Dump,Injected simulation case: abrupt sell collapse with abnormal trade intensity.,flash_dump,True
995534491,sell,0.006998571428571428,68178.264,2026-04-07 17:36:19.464398+0000,Flash Dump,Injected simulation case: abrupt sell collapse with abnormal trade intensity.,flash_dump,True
995534492,sell,0.007183529411764706,68164.41882352941,2026-04-07 17:36:19.464490+0000,Flash Dump,Injected simulation case: abrupt sell collapse with abnormal trade intensity.,flash_dump,True
995534493,sell,0.007368487394957982,68151.56638655462,2026-04-07 17:36:19.464638+0000,Flash Dump,Injected simulation case: abrupt sell collapse with abnormal trade intensity.,flash_dump,True
995534494,sell,0.00755344537815126,68137.72100840336,2026-04-07 17:36:19.464820+0000,Flash Dump,Injected simulation case: abrupt sell collapse with abnormal trade intensity.,flash_dump,True
995534495,sell,0.007738403361344537,68123.8756302521,2026-04-07 17:36:19.464837+0000,Flash Dump,Injected simulation case: abrupt sell collapse with abnormal trade intensity.,flash_dump,True
995534496,sell,0.007923361344537815,68110.03025210084,2026-04-07 17:36:19.465077+0000,Flash Dump,Injected simulation case: abrupt sell collapse with abnormal trade intensity.,flash_dump,True
995534497,sell,0.008108319327731093,68096.18487394958,2026-04-07 17:36:19.465193+0000,Flash Dump,Injected simulation case: abrupt sell collapse with abnormal trade intensity.,flash_dump,True
995534498,sell,0.00829327731092437,68082.33949579831,2026-04-07 17:36:19.465328+0000,Flash Dump,Injected simulation case: abrupt sell collapse with abnormal trade intensity.,flash_dump,True
995534499,sell,0.18800021058823527,68068.49411764706,2026-04-07 17:36:19.475068+0000,Flash Dump,Injected simulation case: abrupt sell collapse with abnormal trade intensity.,flash_dump,True
995534500,sell,1.6008605042016808,68054.6487394958,2026-04-07 17:36:19.475068+0000,Flash Dump,Injected simulation case: abrupt sell collapse with abnormal trade intensity.,flash_dump,True
995534501,sell,0.29036890756302525,68040.80336134454,2026-04-07 17:36:19.490495+0000,Flash Dump,Injected simulation case: abrupt sell collapse with abnormal trade intensity.,flash_dump,True
1015534276,buy,2.157834235388235,67946.62838107294,2026-04-07 17:36:19.517743+0000,Flash Dump,Injected simulation case: abrupt sell collapse with abnormal trade intensity.,flash_dump,True
1015534277,buy,0.12973449650420169,67932.79935223011,2026-04-07 17:36:19.518001+0000,Flash Dump,Injected simulation case: abrupt sell collapse with abnormal trade intensity.,flash_dump,True
1015534278,buy,0.0748997152,67918.97032338729,2026-04-07 17:36:19.518248+0000,Flash Dump,Injected simulation case: abrupt sell collapse with abnormal trade intensity.,flash_dump,True
995534502,sell,0.00958798319327731,67985.4218487395,2026-04-07 17:36:19.519534+0000,Flash Dump,Injected simulation case: abrupt sell collapse with abnormal trade intensity.,flash_dump,True
995534503,sell,0.009772941176470588,67971.57647058823,2026-04-07 17:36:19.519583+0000,Flash Dump,Injected simulation case: abrupt sell collapse with abnormal trade intensity.,flash_dump,True
995534504,sell,0.009957899159663866,67957.73109243698,2026-04-07 17:36:19.519871+0000,Flash Dump,Injected simulation case: abrupt sell collapse with abnormal trade intensity.,flash_dump,True
995534506,sell,0.33285714285714285,67945.86514285713,2026-04-07 17:36:19.521652+0000,Flash Dump,Injected simulation case: abrupt sell collapse with abnormal trade intensity.,flash_dump,True
995534505,sell,0.30794344537815127,67930.04033613445,2026-04-07 17:36:19.521652+0000,Flash Dump,Injected simulation case: abrupt sell collapse with abnormal trade intensity.,flash_dump,True
995534507,sell,0.9885292334453781,67919.70701176471,2026-04-07 17:36:19.523191+0000,Flash Dump,Injected simulation case: abrupt sell collapse with abnormal trade intensity.,flash_dump,True
995534508,sell,0.8004827405882353,67905.86091764706,2026-04-07 17:36:19.523216+0000,Flash Dump,Injected simulation case: abrupt sell collapse with abnormal trade intensity.,flash_dump,True
995534509,sell,0.17336276974789916,67892.01482352942,2026-04-07 17:36:19.523264+0000,Flash Dump,Injected simulation case: abrupt sell collapse with abnormal trade intensity.,flash_dump,True
995534510,sell,2.0451764705882356,67881.12496,2026-04-07 17:36:19.523977+0000,Flash Dump,Injected simulation case: abrupt sell collapse with abnormal trade intensity.,flash_dump,True
995534511,buy,4.7546218487394957e-07,67874.03963159664,2026-04-07 17:36:19.540119+0000,Flash Dump,Injected simulation case: abrupt sell collapse with abnormal trade intensity.,flash_dump,True
995534512,sell,0.991044216302521,67860.2014379832,2026-04-07 17:36:19.567637+0000,Flash Dump,Injected simulation case: abrupt sell collapse with abnormal trade intensity.,flash_dump,True
995534513,buy,0.7158513673949579,67844.66370689074,2026-04-07 17:36:19.576911+0000,Flash Dump,Injected simulation case: abrupt sell collapse with abnormal trade intensity.,flash_dump,True
995534514,buy,0.006652100840336135,67830.46032941177,2026-04-07 17:36:19.576911+0000,Flash Dump,Injected simulation case: abrupt sell collapse with abnormal trade intensity.,flash_dump,True
1005534326,sell,0.0013165263529411762,67708.62256683026,2026-04-07 17:36:19.590202+0000,Flash Dump,Injected simulation case: abrupt sell collapse with abnormal trade intensity.,flash_dump,True
1005534327,buy,9.261680672268907e-07,67694.78707803621,2026-04-07 17:36:19.756097+0000,Flash Dump,Injected simulation case: abrupt sell collapse with abnormal trade intensity.,flash_dump,True
1015534279,sell,1.0324714014117646,67697.71574175433,2026-04-07 17:36:19.763859+0000,Flash Dump,Injected simulation case: abrupt sell collapse with abnormal trade intensity.,flash_dump,True
1015534280,sell,0.7471372846184873,67683.88671089329,2026-04-07 17:36:19.763883+0000,Flash Dump,Injected simulation case: abrupt sell collapse with abnormal trade intensity.,flash_dump,True
1015534282,sell,0.004132736678991595,67670.05768003226,2026-04-07 17:36:19.763883+0000,Flash Dump,Injected simulation case: abrupt sell collapse with abnormal trade intensity.,flash_dump,True
1015534281,sell,0.2649337062184874,67656.22864917121,2026-04-07 17:36:19.763883+0000,Flash Dump,Injected simulation case: abrupt sell collapse with abnormal trade intensity.,flash_dump,True
1015534283,sell,0.46866521937478983,67642.39961831017,2026-04-07 17:36:19.763883+0000,Flash Dump,Injected simulation case: abrupt sell collapse with abnormal trade intensity.,flash_dump,True
1015534284,sell,0.007920372285714284,67628.57058744914,2026-04-07 17:36:19.763883+0000,Flash Dump,Injected simulation case: abrupt sell collapse with abnormal trade intensity.,flash_dump,True
1015534287,sell,0.5306509405781512,67617.59333429324,2026-04-07 17:36:19.764398+0000,Flash Dump,Injected simulation case: abrupt sell collapse with abnormal trade intensity.,flash_dump,True
1015534286,sell,0.22794543698823527,67603.28029965647,2026-04-07 17:36:19.764398+0000,Flash Dump,Injected simulation case: abrupt sell collapse with abnormal trade intensity.,flash_dump,True
1015534285,sell,0.33004175731092433,67588.09945663421,2026-04-07 17:36:19.764398+0000,Flash Dump,Injected simulation case: abrupt sell collapse with abnormal trade intensity.,flash_dump,True
1015534288,sell,3.1699964699731082,67576.10449191468,2026-04-07 17:36:19.764825+0000,Flash Dump,Injected simulation case: abrupt sell collapse with abnormal trade intensity.,flash_dump,True
1015534289,sell,1.8598816134453782,67562.2748777885,2026-04-07 17:36:19.764855+0000,Flash Dump,Injected simulation case: abrupt sell collapse with abnormal trade intensity.,flash_dump,True
1015534290,sell,1.160492687579832,67548.44526366232,2026-04-07 17:36:19.764972+0000,Flash Dump,Injected simulation case: abrupt sell collapse with abnormal trade intensity.,flash_dump,True
995534515,sell,0.00011295798319327729,67632.65324369748,2026-04-07 17:36:19.849326+0000,Flash Dump,Injected simulation case: abrupt sell collapse with abnormal trade intensity.,flash_dump,True
995534517,sell,0.06644023109243696,67618.80355361344,2026-04-07 17:36:19.849326+0000,Flash Dump,Injected simulation case: abrupt sell collapse with abnormal trade intensity.,flash_dump,True
995534516,sell,0.5264705882352941,67604.95386352942,2026-04-07 17:36:19.849326+0000,Flash Dump,Injected simulation case: abrupt sell collapse with abnormal trade intensity.,flash_dump,True
995534518,sell,0.3167092731092437,67591.10417344538,2026-04-07 17:36:19.850172+0000,Flash Dump,Injected simulation case: abrupt sell collapse with abnormal trade intensity.,flash_dump,True
995534521,sell,0.0006473949579831932,67579.62608537814,2026-04-07 17:36:19.853374+0000,Flash Dump,Injected simulation case: abrupt sell collapse with abnormal trade intensity.,flash_dump,True
995534524,sell,0.0006552100840336134,67565.77590924369,2026-04-07 17:36:19.853374+0000,Flash Dump,Injected simulation case: abrupt sell collapse with abnormal trade intensity.,flash_dump,True
995534523,sell,0.0006630252100840336,67551.92573310924,2026-04-07 17:36:19.853374+0000,Flash Dump,Injected simulation case: abrupt sell collapse with abnormal trade intensity.,flash_dump,True
995534525,sell,0.0006708403361344537,67538.07555697479,2026-04-07 17:36:19.853374+0000,Flash Dump,Injected simulation case: abrupt sell collapse with abnormal trade intensity.,flash_dump,True
995534526,sell,0.565546218487395,67524.29420907563,2026-04-07 17:36:19.853374+0000,Flash Dump,Injected simulation case: abrupt sell collapse with abnormal trade intensity.,flash_dump,True
995534519,sell,0.0005851017647058824,67508.04535529412,2026-04-07 17:36:19.853374+0000,Flash Dump,Injected simulation case: abrupt sell collapse with abnormal trade intensity.,flash_dump,True
995534522,sell,0.0006942857142857143,67496.52502857143,2026-04-07 17:36:19.853374+0000,Flash Dump,Injected simulation case: abrupt sell collapse with abnormal trade intensity.,flash_dump,True
995534520,sell,0.0007021008403361344,67482.62571966388,2026-04-07 17:36:19.853374+0000,Flash Dump,Injected simulation case: abrupt sell collapse with abnormal trade intensity.,flash_dump,True
995534527,sell,0.00040228571428571424,67472.05694924369,2026-04-07 17:36:19.855887+0000,Flash Dump,Injected simulation case: abrupt sell collapse with abnormal trade intensity.,flash_dump,True
995534528,sell,0.8798629575630252,67459.67948773109,2026-04-07 17:36:19.855887+0000,Flash Dump,Injected simulation case: abrupt sell collapse with abnormal trade intensity.,flash_dump,True
1015534291,sell,0.011726761680672267,67344.69614610607,2026-04-07 17:36:19.856243+0000,Flash Dump,Injected simulation case: abrupt sell collapse with abnormal trade intensity.,flash_dump,True
995534529,sell,3.9644331129411765,67431.97720336134,2026-04-07 17:36:19.865193+0000,Flash Dump,Injected simulation case: abrupt sell collapse with abnormal trade intensity.,flash_dump,True
1015534292,buy,1.432941176470588e-06,67318.83307176094,2026-04-07 17:36:19.866661+0000,Flash Dump,Injected simulation case: abrupt sell collapse with abnormal trade intensity.,flash_dump,True
995534530,sell,2.1494528384033615,67404.2749189916,2026-04-07 17:36:19.867154+0000,Flash Dump,Injected simulation case: abrupt sell collapse with abnormal trade intensity.,flash_dump,True
995534531,sell,2.051750451764706,67390.42377680673,2026-04-07 17:36:19.868840+0000,Flash Dump,Injected simulation case: abrupt sell collapse with abnormal trade intensity.,flash_dump,True
1005534328,sell,2.7526386554621846e-06,67252.3774242958,2026-04-07 17:36:19.870388+0000,Flash Dump,Injected simulation case: abrupt sell collapse with abnormal trade intensity.,flash_dump,True
995534532,sell,0.00014161344537815126,67363.64348235294,2026-04-07 17:36:19.872853+0000,Flash Dump,Injected simulation case: abrupt sell collapse with abnormal trade intensity.,flash_dump,True
995534547,sell,0.0007516428571428572,67365.95307563026,2026-04-07 17:36:19.876628+0000,Flash Dump,Injected simulation case: abrupt sell collapse with abnormal trade intensity.,flash_dump,True
995534545,sell,0.0007880672268907563,67349.86302386555,2026-04-07 17:36:19.876628+0000,Flash Dump,Injected simulation case: abrupt sell collapse with abnormal trade intensity.,flash_dump,True
995534534,sell,0.0007958823529411764,67323.34418823529,2026-04-07 17:36:19.876628+0000,Flash Dump,Injected simulation case: abrupt sell collapse with abnormal trade intensity.,flash_dump,True
995534537,sell,0.0008036974789915966,67309.49259831932,2026-04-07 17:36:19.876628+0000,Flash Dump,Injected simulation case: abrupt sell collapse with abnormal trade intensity.,flash_dump,True
995534535,sell,0.0008115126050420168,67295.64100840336,2026-04-07 17:36:19.876628+0000,Flash Dump,Injected simulation case: abrupt sell collapse with abnormal trade intensity.,flash_dump,True
995534540,sell,0.00015021008403361344,67285.26710588236,2026-04-07 17:36:19.876628+0000,Flash Dump,Injected simulation case: abrupt sell collapse with abnormal trade intensity.,flash_dump,True
995534541,sell,0.0008271428571428571,67271.87513142858,2026-04-07 17:36:19.876628+0000,Flash Dump,Injected simulation case: abrupt sell collapse with abnormal trade intensity.,flash_dump,True
995534542,sell,0.00015307563025210083,67258.98237310925,2026-04-07 17:36:19.876628+0000,Flash Dump,Injected simulation case: abrupt sell collapse with abnormal trade intensity.,flash_dump,True
995534538,sell,0.0006329226050420168,67240.381502521,2026-04-07 17:36:19.876628+0000,Flash Dump,Injected simulation case: abrupt sell collapse with abnormal trade intensity.,flash_dump,True
995534544,sell,0.0008505882352941176,67236.50409411764,2026-04-07 17:36:19.876628+0000,Flash Dump,Injected simulation case: abrupt sell collapse with abnormal trade intensity.,flash_dump,True
995534539,sell,0.0008584033613445378,67214.52785747898,2026-04-07 17:36:19.876628+0000,Flash Dump,Injected simulation case: abrupt sell collapse with abnormal trade intensity.,flash_dump,True
995534551,sell,0.000866218487394958,67216.16424739496,2026-04-07 17:36:19.876628+0000,Flash Dump,Injected simulation case: abrupt sell collapse with abnormal trade intensity.,flash_dump,True
995534543,sell,0.0008740336134453781,67191.87146218488,2026-04-07 17:36:19.876628+0000,Flash Dump,Injected simulation case: abrupt sell collapse with abnormal trade intensity.,flash_dump,True
995534546,sell,0.0005699682352941175,67184.11146487395,2026-04-07 17:36:19.876628+0000,Flash Dump,Injected simulation case: abrupt sell collapse with abnormal trade intensity.,flash_dump,True
995534548,sell,0.0005041428571428572,67173.08305210083,2026-04-07 17:36:19.876628+0000,Flash Dump,Injected simulation case: abrupt sell collapse with abnormal trade intensity.,flash_dump,True
995534549,sell,0.0008974789915966387,67159.9027240336,2026-04-07 17:36:19.876628+0000,Flash Dump,Injected simulation case: abrupt sell collapse with abnormal trade intensity.,flash_dump,True
995534550,sell,0.0009052941176470588,67146.88827764706,2026-04-07 17:36:19.876628+0000,Flash Dump,Injected simulation case: abrupt sell collapse with abnormal trade intensity.,flash_dump,True
995534536,sell,0.0009131092436974789,67115.5703394958,2026-04-07 17:36:19.876628+0000,Flash Dump,Injected simulation case: abrupt sell collapse with abnormal trade intensity.,flash_dump,True
995534553,sell,0.0009209243697478992,67119.500302521,2026-04-07 17:36:19.876628+0000,Flash Dump,Injected simulation case: abrupt sell collapse with abnormal trade intensity.,flash_dump,True
995534533,sell,0.0009287394957983193,67087.86715966387,2026-04-07 17:36:19.876628+0000,Flash Dump,Injected simulation case: abrupt sell collapse with abnormal trade intensity.,flash_dump,True
995534555,sell,0.5813250731092438,67093.44024403361,2026-04-07 17:36:19.876628+0000,Flash Dump,Injected simulation case: abrupt sell collapse with abnormal trade intensity.,flash_dump,True
995534552,sell,0.0009443697478991596,67077.9345210084,2026-04-07 17:36:19.876628+0000,Flash Dump,Injected simulation case: abrupt sell collapse with abnormal trade intensity.,flash_dump,True
995534554,sell,0.0009521848739495799,67064.45021714286,2026-04-07 17:36:19.876628+0000,Flash Dump,Injected simulation case: abrupt sell collapse with abnormal trade intensity.,flash_dump,True
995534556,buy,0.98944,67042.39648,2026-04-07 17:36:19.944289+0000,Flash Dump,Injected simulation case: abrupt sell collapse with abnormal trade intensity.,flash_dump,True
995534557,buy,7e-08,68687.25,2026-04-07 17:36:19.957568+0000,,,,False
995534559,buy,0.00151593,68687.25,2026-04-07 17:36:20.003310+0000,,,,False
995534558,buy,0.00036396,68687.26,2026-04-07 17:36:20.003310+0000,,,,False
1005534334,sell,3.05208e-05,68552.004807,2026-04-07 17:36:20.069825+0000,,,,False
1005534333,sell,0.0324,68552.004807,2026-04-07 17:36:20.069825+0000,,,,False
1005534331,sell,0.00020640960000000002,68551.9848,2026-04-07 17:36:20.069825+0000,,,,False
1005534329,sell,0.0944815752,68551.9848,2026-04-07 17:36:20.069825+0000,,,,False
1005534332,sell,0.005210406000000001,68551.9848,2026-04-07 17:36:20.069825+0000,,,,False
1005534330,sell,0.0324,68551.9848,2026-04-07 17:36:20.069825+0000,,,,False
1005534336,sell,1.836e-05,68554.105542,2026-04-07 17:36:20.081610+0000,,,,False
1005534335,sell,0.00012213720000000001,68553.98550000001,2026-04-07 17:36:20.081610+0000,,,,False
995534560,buy,0.03092,68687.65,2026-04-07 17:36:20.116017+0000,,,,False
1015534293,buy,5.7999999999999997e-08,68577.430622,2026-04-07 17:36:20.235764+0000,,,,False
1005534337,buy,7.560000000000002e-08,68557.4367075,2026-04-07 17:36:20.242773+0000,,,,False
995534561,sell,0.021,68681.6,2026-04-07 17:36:20.246512+0000,,,,False
995534563,sell,0.000364,68681.6,2026-04-07 17:36:20.246512+0000,,,,False
995534562,sell,0.03468238,68681.6,2026-04-07 17:36:20.246512+0000,,,,False
995534564,sell,0.05684422,68681.6,2026-04-07 17:36:20.246512+0000,,,,False
995534567,sell,0.06341581,68687.68,2026-04-07 17:36:20.246512+0000,,,,False
995534565,sell,0.1312,68682.26,2026-04-07 17:36:20.246512+0000,,,,False
995534566,sell,0.0221,68686.0,2026-04-07 17:36:20.246512+0000,,,,False
995534568,buy,0.03092,68684.36,2026-04-07 17:36:20.255145+0000,,,,False
995534571,buy,0.00776,68680.56,2026-04-07 17:36:20.256637+0000,,,,False
995534569,buy,0.00036398,68681.6,2026-04-07 17:36:20.256637+0000,,,,False
995534570,buy,0.001517,68681.59,2026-04-07 17:36:20.256637+0000,,,,False
995534572,buy,0.03092,68678.88,2026-04-07 17:36:20.273950+0000,,,,False
995534573,buy,0.01552,68674.17,2026-04-07 17:36:20.283575+0000,,,,False
995534574,buy,3e-08,68674.41,2026-04-07 17:36:20.326214+0000,,,,False
995534575,buy,0.03091997,68674.41,2026-04-07 17:36:20.328842+0000,,,,False
995534576,buy,0.04373014,68669.6,2026-04-07 17:36:20.343544+0000,,,,False
995534577,buy,0.00388,68667.98,2026-04-07 17:36:20.369516+0000,,,,False
1005534338,sell,1.836e-05,68557.44671100001,2026-04-07 17:36:20.381870+0000,,,,False
1005534339,sell,1.836e-05,68560.78788,2026-04-07 17:36:20.392158+0000,,,,False
1005534340,sell,0.052291872,68563.108692,2026-04-07 17:36:20.470517+0000,,,,False
1005534342,sell,0.00408564,68564.61922050001,2026-04-07 17:36:20.483211+0000,,,,False
1005534341,sell,1.836e-05,68564.12904900001,2026-04-07 17:36:20.483211+0000,,,,False
1005534343,sell,1.755e-05,68564.61922050001,2026-04-07 17:36:20.503871+0000,,,,False
1005534344,sell,0.00819045,68567.3601795,2026-04-07 17:36:20.503871+0000,,,,False
1005534346,sell,1.836e-05,68567.470218,2026-04-07 17:36:20.508752+0000,,,,False
1005534345,sell,1.59408e-05,68567.3601795,2026-04-07 17:36:20.508752+0000,,,,False
995534578,sell,0.00014447,68658.33,2026-04-07 17:36:20.512771+0000,,,,False
1005534347,sell,1.836e-05,68570.81138700001,2026-04-07 17:36:20.521003+0000,,,,False
1005534348,sell,0.016412781600000002,68572.832094,2026-04-07 17:36:20.530886+0000,,,,False
1005534349,sell,1.836e-05,68574.15255600002,2026-04-07 17:36:20.537497+0000,,,,False
1015534294,sell,0.0001144804,68577.44062899999,2026-04-07 17:36:20.538639+0000,,,,False
1015534295,sell,1.1599999999999999e-07,68577.44062899999,2026-04-07 17:36:20.610532+0000,,,,False
1015534296,buy,2.32e-08,68577.430622,2026-04-07 17:36:20.614186+0000,,,,False
995534580,buy,1.7e-05,68653.7,2026-04-07 17:36:20.672786+0000,,,,False
995534579,buy,0.001517,68654.01,2026-04-07 17:36:20.672786+0000,,,,False
1005534350,buy,0.010469898,68574.29260500001,2026-04-07 17:36:20.679683+0000,,,,False
1005534351,buy,1.1880000000000002e-07,68574.29260500001,2026-04-07 17:36:20.681427+0000,,,,False
995534581,sell,0.00141808,68651.99,2026-04-07 17:36:20.686097+0000,,,,False
1015534297,buy,0.0004231796,68577.430622,2026-04-07 17:36:20.692271+0000,,,,False
995534583,sell,0.01630095,68655.02,2026-04-07 17:36:20.811067+0000,,,,False
995534582,sell,0.00036415,68653.98,2026-04-07 17:36:20.811067+0000,,,,False
995534584,sell,0.00333876,68660.45,2026-04-07 17:36:20.811348+0000,,,,False
995534585,sell,0.0840478,68660.45,2026-04-07 17:36:20.811415+0000,,,,False
995534586,buy,4e-08,68655.03,2026-04-07 17:36:20.822509+0000,,,,False
995534587,sell,1e-07,68656.16,2026-04-07 17:36:20.825776+0000,,,,False
995534588,sell,0.03054,68655.04,2026-04-07 17:36:20.842614+0000,,,,False
995534589,sell,0.04373004,68656.16,2026-04-07 17:36:20.842614+0000,,,,False
995534590,sell,0.02185106,68659.74,2026-04-07 17:36:20.845322+0000,,,,False
995534591,sell,0.04373014,68661.7,2026-04-07 17:36:20.846746+0000,,,,False
995534593,sell,0.00766511,68664.6,2026-04-07 17:36:20.848250+0000,,,,False
995534592,sell,0.00899999,68664.6,2026-04-07 17:36:20.848250+0000,,,,False
995534594,sell,0.00133488,68664.6,2026-04-07 17:36:20.848895+0000,,,,False
995534595,sell,0.00901,68657.2,2026-04-07 17:36:20.853035+0000,,,,False
995534596,sell,0.0076551,68657.65,2026-04-07 17:36:20.853035+0000,,,,False
995534597,sell,0.02519587,68657.65,2026-04-07 17:36:20.853109+0000,,,,False
995534598,sell,0.00028893,68657.65,2026-04-07 17:36:20.857717+0000,,,,False
995534599,sell,0.01059024,68657.65,2026-04-07 17:36:20.858936+0000,,,,False
995534600,sell,0.02185106,68659.74,2026-04-07 17:36:20.859093+0000,,,,False
995534601,sell,0.00072233,68659.55,2026-04-07 17:36:20.875049+0000,,,,False
995534602,sell,0.02219991,68659.55,2026-04-07 17:36:20.899504+0000,,,,False
995534603,sell,0.0208079,68659.55,2026-04-07 17:36:20.899648+0000,,,,False
995534604,sell,0.02185106,68659.55,2026-04-07 17:36:20.903967+0000,,,,False
995534605,sell,0.01540781,68659.55,2026-04-07 17:36:20.903986+0000,,,,False
995534606,sell,0.00647127,68659.55,2026-04-07 17:36:20.911850+0000,,,,False
995534607,sell,0.03318196,68659.55,2026-04-07 17:36:20.916788+0000,,,,False
995534608,sell,0.01054818,68659.55,2026-04-07 17:36:20.919515+0000,,,,False
1005534353,sell,2.4840000000000003e-07,68574.7227555,2026-04-07 17:36:20.925227+0000,,,,False
1005534352,sell,2.4840000000000003e-07,68574.712752,2026-04-07 17:36:20.925227+0000,,,,False
1005534354,sell,2.4840000000000003e-07,68574.732759,2026-04-07 17:36:20.925227+0000,,,,False
1005534356,sell,2.4840000000000003e-07,68578.1439525,2026-04-07 17:36:20.946120+0000,,,,False
1005534357,sell,2.4840000000000003e-07,68578.15395600001,2026-04-07 17:36:20.946120+0000,,,,False
1005534355,sell,1.836e-05,68577.49372500001,2026-04-07 17:36:20.946120+0000,,,,False
995534609,sell,0.02185106,68664.67,2026-04-07 17:36:20.948778+0000,,,,False
1005534358,sell,1.836e-05,68580.834894,2026-04-07 17:36:20.951346+0000,,,,False
995534610,sell,0.02185106,68664.67,2026-04-07 17:36:20.955419+0000,,,,False
1005534359,buy,4.32e-08,68584.1660595,2026-04-07 17:36:20.977374+0000,,,,False
995534611,buy,0.03092,68675.85,2026-04-07 17:36:21.001298+0000,,,,False
995534614,buy,5.348e-05,68673.42,2026-04-07 17:36:21.010444+0000,,,,False
995534612,buy,0.03092,68675.86,2026-04-07 17:36:21.010444+0000,,,,False
995534613,buy,5.504e-05,68674.08,2026-04-07 17:36:21.010444+0000,,,,False
1005534361,sell,2.4840000000000003e-07,68585.2864515,2026-04-07 17:36:21.045273+0000,,,,False
1005534362,sell,2.4840000000000003e-07,68585.296455,2026-04-07 17:36:21.045273+0000,,,,False
1005534363,sell,2.4840000000000003e-07,68585.3064585,2026-04-07 17:36:21.045273+0000,,,,False
1005534364,sell,1.836e-05,68587.51723200001,2026-04-07 17:36:21.045273+0000,,,,False
1005534360,sell,1.836e-05,68584.17606299999,2026-04-07 17:36:21.045273+0000,,,,False
1015534298,buy,3.4799999999999994e-08,68575.959593,2026-04-07 17:36:21.052746+0000,,,,False
995534615,sell,0.0015,68678.0,2026-04-07 17:36:21.062609+0000,,,,False
1005534367,sell,0.023653512,68590.878408,2026-04-07 17:36:21.082523+0000,,,,False
1005534366,sell,0.0324,68590.858401,2026-04-07 17:36:21.082523+0000,,,,False
1005534365,sell,1.836e-05,68590.858401,2026-04-07 17:36:21.082523+0000,,,,False
995534616,sell,0.00071,68678.0,2026-04-07 17:36:21.112866+0000,,,,False
995534617,sell,0.00071,68678.0,2026-04-07 17:36:21.112934+0000,,,,False
1005534368,sell,0.008746488,68590.878408,2026-04-07 17:36:21.120997+0000,,,,False
1005534369,sell,2.4840000000000003e-07,68594.059521,2026-04-07 17:36:21.120997+0000,,,,False
1005534370,sell,2.4840000000000003e-07,68594.06952450001,2026-04-07 17:36:21.120997+0000,,,,False
1005534371,sell,2.4840000000000003e-07,68594.079528,2026-04-07 17:36:21.120997+0000,,,,False
995534618,sell,0.001094,68678.0,2026-04-07 17:36:21.128768+0000,,,,False
995534619,buy,0.17056721,68677.99,2026-04-07 17:36:21.131630+0000,,,,False
995534622,buy,0.00251527,68670.0,2026-04-07 17:36:21.139715+0000,,,,False
995534621,buy,0.001517,68675.9,2026-04-07 17:36:21.139715+0000,,,,False
995534620,buy,0.00036402,68677.99,2026-04-07 17:36:21.139715+0000,,,,False
1005534372,sell,1.836e-05,68594.19957,2026-04-07 17:36:21.168187+0000,,,,False
995534623,buy,0.001517,68670.34,2026-04-07 17:36:21.250082+0000,,,,False
995534624,buy,0.04373014,68670.32,2026-04-07 17:36:21.250082+0000,,,,False
1005534373,buy,0.0333936,68597.5307355,2026-04-07 17:36:21.274372+0000,,,,False
1005534374,buy,0.37525919760000004,68593.8094335,2026-04-07 17:36:21.290783+0000,,,,False
995534625,buy,1.7e-05,68667.06,2026-04-07 17:36:21.313576+0000,,,,False
995534626,buy,0.02592,68665.09,2026-04-07 17:36:21.313576+0000,,,,False
995534627,buy,0.01019386,68664.66,2026-04-07 17:36:21.313698+0000,,,,False
1005534375,buy,5.4e-08,68593.8094335,2026-04-07 17:36:21.367222+0000,,,,False
995534630,sell,0.02847,68664.67,2026-04-07 17:36:21.404338+0000,,,,False
995534632,sell,0.0007,68670.5,2026-04-07 17:36:21.404338+0000,,,,False
995534631,sell,0.02,68668.0,2026-04-07 17:36:21.404338+0000,,,,False
995534629,sell,0.0003641,68662.36,2026-04-07 17:36:21.404338+0000,,,,False
995534628,sell,0.02847,68662.36,2026-04-07 17:36:21.404338+0000,,,,False
1015534299,buy,6.959999999999999e-08,68573.718025,2026-04-07 17:36:21.438652+0000,,,,False
1005534376,sell,1.08e-07,68593.81943700001,2026-04-07 17:36:21.581941+0000,,,,False
995534633,buy,0.77346362,68670.74,2026-04-07 17:36:21.648664+0000,,,,False
995534634,buy,0.14853228,68670.74,2026-04-07 17:36:21.648769+0000,,,,False
995534635,sell,5.065e-05,68663.98,2026-04-07 17:36:21.699542+0000,,,,False
1015534301,sell,0.0313525728,68573.72803199998,2026-04-07 17:36:21.739285+0000,,,,False
1015534300,sell,0.0253927712,68573.72803199998,2026-04-07 17:36:21.739285+0000,,,,False
1015534302,sell,0.0034474271999999995,68573.72803199998,2026-04-07 17:36:21.740707+0000,,,,False
1015534303,sell,0.0046848108,68573.72803199998,2026-04-07 17:36:21.740707+0000,,,,False
1015534304,sell,0.0002464768,68573.72803199998,2026-04-07 17:36:21.740707+0000,,,,False
1015534305,sell,0.0348,68573.748046,2026-04-07 17:36:21.740707+0000,,,,False
1005534377,buy,5.4e-08,68593.8094335,2026-04-07 17:36:21.772392+0000,,,,False
995534636,buy,4.363e-05,68664.02,2026-04-07 17:36:21.797760+0000,,,,False
995534637,sell,0.01292,68666.97,2026-04-07 17:36:21.892075+0000,,,,False
1015534306,buy,3.4799999999999994e-08,68577.960993,2026-04-07 17:36:21.934918+0000,,,,False
995534638,buy,0.00036184,68667.78,2026-04-07 17:36:21.968880+0000,,,,False
1015534307,buy,1.276e-07,68577.960993,2026-04-07 17:36:21.978206+0000,,,,False
1005534378,sell,0.0001014012,68593.81943700001,2026-04-07 17:36:22.029953+0000,,,,False
1005534379,buy,0.19816355160000002,68593.8094335,2026-04-07 17:36:22.031161+0000,,,,False
1005534380,buy,0.022680000000000002,68593.8094335,2026-04-07 17:36:22.031215+0000,,,,False
1005534381,buy,0.37589714280000003,68593.8094335,2026-04-07 17:36:22.031410+0000,,,,False
1005534382,buy,0.0017336376,68591.79873000001,2026-04-07 17:36:22.035049+0000,,,,False
1005534383,buy,0.0092912832,68591.79873000001,2026-04-07 17:36:22.036039+0000,,,,False
1005534384,buy,0.00163728,68591.0284605,2026-04-07 17:36:22.050422+0000,,,,False
995534639,sell,0.001277,68671.48,2026-04-07 17:36:22.094727+0000,,,,False
995534640,sell,0.0553184,68671.48,2026-04-07 17:36:22.103089+0000,,,,False
1015534308,sell,0.00042341159999999994,68577.97099999999,2026-04-07 17:36:22.113158+0000,,,,False
995534641,sell,0.00071,68671.48,2026-04-07 17:36:22.134744+0000,,,,False
995534642,sell,0.00071,68671.48,2026-04-07 17:36:22.134861+0000,,,,False
995534643,sell,0.00071,68671.48,2026-04-07 17:36:22.135062+0000,,,,False
995534644,sell,0.00071,68671.48,2026-04-07 17:36:22.135112+0000,,,,False
995534645,buy,6e-08,68671.47,2026-04-07 17:36:22.152583+0000,,,,False
1015534309,sell,0.00025635999999999996,68577.97099999999,2026-04-07 17:36:22.162934+0000,,,,False
1015534310,sell,3.3639999999999997e-07,68577.97099999999,2026-04-07 17:36:22.190793+0000,,,,False
995534647,sell,0.00367952,68674.0,2026-04-07 17:36:22.250588+0000,,,,False
995534646,sell,0.0133646,68671.48,2026-04-07 17:36:22.250588+0000,,,,False
1005534385,buy,2.16e-08,68587.26714450002,2026-04-07 17:36:22.250755+0000,,,,False
995534649,buy,0.02184182,68677.07,2026-04-07 17:36:22.275056+0000,,,,False
995534650,buy,0.001518,68676.23,2026-04-07 17:36:22.275056+0000,,,,False
995534648,buy,0.04373014,68677.07,2026-04-07 17:36:22.275056+0000,,,,False
1015534311,sell,1.1599999999999999e-07,68577.97099999999,2026-04-07 17:36:22.281241+0000,,,,False
1005534386,sell,0.0254051856,68587.57725300001,2026-04-07 17:36:22.318853+0000,,,,False
1015534312,buy,2.32e-08,68577.960993,2026-04-07 17:36:22.321172+0000,,,,False
1015534313,buy,0.035517320799999995,68577.960993,2026-04-07 17:36:22.414151+0000,,,,False
995534651,buy,0.001518,68676.01,2026-04-07 17:36:22.479852+0000,,,,False
1005534387,sell,0.0003078,68595.480018,2026-04-07 17:36:22.572334+0000,,,,False
995534652,sell,1e-07,68674.55,2026-04-07 17:36:22.578583+0000,,,,False
995534653,buy,2e-08,68671.49,2026-04-07 17:36:22.590638+0000,,,,False
995534654,buy,0.0029243,68672.37,2026-04-07 17:36:22.600439+0000,,,,False
1005534388,buy,2.16e-08,68595.47001450001,2026-04-07 17:36:22.677524+0000,,,,False
1015534314,buy,2.32e-08,68575.959593,2026-04-07 17:36:22.721186+0000,,,,False
1005534389,buy,5.751e-05,68595.47001450001,2026-04-07 17:36:22.737036+0000,,,,False
1015534315,sell,3.3639999999999997e-07,68575.9696,2026-04-07 17:36:22.768598+0000,,,,False
995534655,buy,1.1e-07,68673.19,2026-04-07 17:36:22.802675+0000,,,,False
1015534316,sell,0.0008378912,68575.9696,2026-04-07 17:36:23.004252+0000,,,,False
995534656,buy,5e-08,68671.49,2026-04-07 17:36:23.052392+0000,,,,False
995534657,sell,0.00020576,68671.5,2026-04-07 17:36:23.102560+0000,,,,False
995534658,sell,0.08736643,68676.27,2026-04-07 17:36:23.103103+0000,,,,False
995534659,sell,1.7e-05,68677.08,2026-04-07 17:36:23.103103+0000,,,,False
995534660,sell,0.0563184,68680.32,2026-04-07 17:36:23.113138+0000,,,,False
995534661,sell,0.0164816,68680.32,2026-04-07 17:36:23.115107+0000,,,,False
995534662,sell,1.7e-05,68680.42,2026-04-07 17:36:23.115107+0000,,,,False
1005534390,buy,3.24e-08,68595.47001450001,2026-04-07 17:36:23.147367+0000,,,,False
1015534317,buy,3.4799999999999994e-08,68575.959593,2026-04-07 17:36:23.166090+0000,,,,False
995534666,sell,1.7e-05,68697.12,2026-04-07 17:36:23.188312+0000,,,,False
995534663,sell,0.021,68686.88,2026-04-07 17:36:23.188312+0000,,,,False
995534664,sell,0.0117,68689.63,2026-04-07 17:36:23.188312+0000,,,,False
995534665,sell,0.0117,68689.63,2026-04-07 17:36:23.188312+0000,,,,False
995534667,sell,0.03841885,68697.66,2026-04-07 17:36:23.188312+0000,,,,False
995534668,sell,0.00013835,68697.65,2026-04-07 17:36:23.216027+0000,,,,False
1015534318,sell,0.00010624439999999998,68575.9696,2026-04-07 17:36:23.235181+0000,,,,False
