trade_id,side,volume,price,timestamp
995539403,sell,0.0480973,68739.71,2026-04-07 17:39:40.240180+0000
995539404,sell,0.00225136,68739.71,2026-04-07 17:39:40.240218+0000
995539405,sell,0.02183061,68739.99,2026-04-07 17:39:40.240289+0000
995539406,buy,0.00022297,68739.14,2026-04-07 17:39:40.240955+0000
995539407,buy,0.0009618,68739.14,2026-04-07 17:39:40.241717+0000
995539410,sell,1.7e-05,68740.54,2026-04-07 17:39:40.244243+0000
995539408,sell,0.01454753,68740.19,2026-04-07 17:39:40.244243+0000
995539409,sell,0.00072636,68740.53,2026-04-07 17:39:40.244243+0000
995539411,buy,5e-08,68742.9,2026-04-07 17:39:40.315885+0000
995539413,sell,2.3e-07,68742.99,2026-04-07 17:39:40.354148+0000
995539415,sell,0.00363976,68743.63,2026-04-07 17:39:40.354148+0000
995539412,sell,2.3e-07,68742.98,2026-04-07 17:39:40.354148+0000
995539414,sell,2.3e-07,68743.0,2026-04-07 17:39:40.354148+0000
995539416,sell,1.7e-05,68743.88,2026-04-07 17:39:40.364409+0000
995539417,buy,0.00196008,68743.78,2026-04-07 17:39:40.725615+0000
995539418,buy,0.00196008,68743.78,2026-04-07 17:39:40.726156+0000
995539419,buy,7e-08,68743.78,2026-04-07 17:39:40.738335+0000
995539420,buy,0.00404087,68743.78,2026-04-07 17:39:40.802072+0000
995539421,sell,0.000133,68743.79,2026-04-07 17:39:40.943529+0000
995539422,sell,1e-07,68743.79,2026-04-07 17:39:40.944989+0000
995539423,sell,0.00056177,68743.79,2026-04-07 17:39:40.969854+0000
995539424,buy,3e-08,68743.78,2026-04-07 17:39:41.200362+0000
995539425,buy,5e-08,68745.68,2026-04-07 17:39:41.680253+0000
995539427,buy,0.00036365,68745.68,2026-04-07 17:39:41.917363+0000
995539426,buy,0.00130672,68745.68,2026-04-07 17:39:41.917363+0000
995539428,buy,1e-08,68745.68,2026-04-07 17:39:41.918695+0000
995539429,sell,0.000196,68743.42,2026-04-07 17:39:42.103765+0000
995539430,buy,5e-08,68743.41,2026-04-07 17:39:42.129933+0000
995539431,buy,4e-08,68743.41,2026-04-07 17:39:42.609592+0000
995539432,sell,1e-07,68743.42,2026-04-07 17:39:42.612226+0000
995539433,sell,0.0007659,68743.42,2026-04-07 17:39:42.622083+0000
995539434,buy,2e-08,68744.42,2026-04-07 17:39:43.082162+0000
995539435,buy,1.9e-07,68744.42,2026-04-07 17:39:43.493225+0000
995539436,buy,0.00087113,68744.42,2026-04-07 17:39:43.699795+0000
995539437,buy,0.001525,68740.76,2026-04-07 17:39:43.711066+0000
995539438,buy,0.00058075,68742.02,2026-04-07 17:39:43.718614+0000
995539439,buy,0.0280184,68742.03,2026-04-07 17:39:43.726521+0000
995539440,buy,0.0280184,68742.02,2026-04-07 17:39:43.733791+0000
995539441,buy,0.0280184,68740.78,2026-04-07 17:39:43.735508+0000
995539442,buy,2e-08,68739.14,2026-04-07 17:39:43.961355+0000
995539443,buy,0.00367359,68739.14,2026-04-07 17:39:44.199546+0000
995539444,sell,1e-07,68739.15,2026-04-07 17:39:44.335081+0000
995539445,buy,8e-08,68739.14,2026-04-07 17:39:44.361215+0000
995539446,buy,3e-08,68739.14,2026-04-07 17:39:44.857877+0000
995539447,sell,0.00140125,68739.15,2026-04-07 17:39:44.982280+0000
995539448,sell,0.00055844,68739.15,2026-04-07 17:39:44.982280+0000
995539449,buy,2e-08,68739.14,2026-04-07 17:39:45.349627+0000
995539450,buy,0.05751046,68739.14,2026-04-07 17:39:45.710297+0000
995539451,buy,0.09787185,68739.14,2026-04-07 17:39:45.710297+0000
995539452,buy,0.00200854,68739.14,2026-04-07 17:39:45.712478+0000
995539453,buy,0.00133674,68739.14,2026-04-07 17:39:45.713739+0000
995539454,buy,0.01155903,68739.14,2026-04-07 17:39:45.713969+0000
995539455,buy,0.00086336,68739.14,2026-04-07 17:39:45.715672+0000
995539456,buy,0.00093927,68739.14,2026-04-07 17:39:45.716357+0000
995539457,buy,0.00135717,68739.14,2026-04-07 17:39:45.718215+0000
995539458,buy,0.00110621,68739.14,2026-04-07 17:39:45.720121+0000
995539459,buy,0.00231448,68739.14,2026-04-07 17:39:45.724025+0000
995539460,buy,0.01069443,68739.14,2026-04-07 17:39:45.727108+0000
995539461,buy,0.00282301,68739.14,2026-04-07 17:39:45.731140+0000
995539462,buy,3e-08,68739.14,2026-04-07 17:39:45.741436+0000
995539463,buy,0.01317377,68739.14,2026-04-07 17:39:45.748658+0000
995539464,buy,0.00215427,68739.14,2026-04-07 17:39:45.752185+0000
995539465,buy,0.0022091,68739.14,2026-04-07 17:39:45.754960+0000
995539466,sell,0.0476184,68739.15,2026-04-07 17:39:45.756085+0000
995539468,sell,0.01330874,68739.15,2026-04-07 17:39:45.756116+0000
995539467,sell,0.03910966,68739.15,2026-04-07 17:39:45.756116+0000
995539470,sell,0.0001347,68739.15,2026-04-07 17:39:45.795216+0000
995539469,sell,0.0001453,68739.15,2026-04-07 17:39:45.795216+0000
995539471,sell,1e-07,68739.15,2026-04-07 17:39:46.032396+0000
995539472,buy,4e-08,68739.14,2026-04-07 17:39:46.151018+0000
995539473,sell,0.0872864,68739.15,2026-04-07 17:39:46.177021+0000
995539474,sell,0.0001453,68739.15,2026-04-07 17:39:46.177021+0000
995539475,sell,0.00072636,68741.55,2026-04-07 17:39:46.177021+0000
995539476,sell,0.01018342,68741.56,2026-04-07 17:39:46.177021+0000
995539477,sell,0.00515712,68741.98,2026-04-07 17:39:46.177021+0000
995539478,buy,2.7e-07,68740.23,2026-04-07 17:39:46.588427+0000
995539479,sell,0.00021,68740.24,2026-04-07 17:39:46.707021+0000
995539480,buy,0.00378164,68740.23,2026-04-07 17:39:46.740211+0000
995539481,buy,0.0175,68740.16,2026-04-07 17:39:46.740211+0000
995539482,buy,1.1e-07,68739.14,2026-04-07 17:39:47.024735+0000
995539483,buy,3e-08,68739.14,2026-04-07 17:39:47.043172+0000
995539484,sell,0.00053901,68739.15,2026-04-07 17:39:47.130217+0000
995539485,buy,4e-08,68739.14,2026-04-07 17:39:47.495218+0000
995539486,sell,1e-07,68739.15,2026-04-07 17:39:47.703732+0000
995539487,buy,9e-08,68739.14,2026-04-07 17:39:47.923936+0000
995539488,buy,4e-08,68739.14,2026-04-07 17:39:48.294651+0000
995539489,buy,3e-08,68739.14,2026-04-07 17:39:48.755913+0000
995539490,buy,1.4e-07,68739.14,2026-04-07 17:39:49.188834+0000
995539491,buy,0.00939127,68739.14,2026-04-07 17:39:49.199678+0000
995539492,sell,1.67e-05,68739.15,2026-04-07 17:39:49.231308+0000
995539493,sell,1e-07,68739.15,2026-04-07 17:39:49.357484+0000
995539494,buy,1.2e-07,68739.14,2026-04-07 17:39:49.662341+0000
995539495,sell,0.0004139,68739.15,2026-04-07 17:39:50.088758+0000
995539496,buy,1.8e-07,68739.14,2026-04-07 17:39:50.253754+0000
995539497,buy,2e-08,68739.14,2026-04-07 17:39:50.700598+0000
995539498,sell,1e-07,68739.15,2026-04-07 17:39:51.052086+0000
995539499,sell,0.000237,68739.15,2026-04-07 17:39:51.065104+0000
995539500,buy,7e-08,68739.14,2026-04-07 17:39:51.282279+0000
995539501,buy,7e-08,68739.14,2026-04-07 17:39:51.708145+0000
995539502,sell,0.000123,68739.15,2026-04-07 17:39:51.761515+0000
995539503,buy,4e-08,68739.14,2026-04-07 17:39:52.198227+0000
995539504,buy,7e-08,68739.14,2026-04-07 17:39:52.682341+0000
995539505,buy,5e-08,68739.14,2026-04-07 17:39:53.111846+0000
995539506,sell,3e-05,68739.15,2026-04-07 17:39:53.555259+0000
995539507,buy,7e-08,68739.14,2026-04-07 17:39:53.569467+0000
995539508,buy,0.00043643,68739.14,2026-04-07 17:39:54.018016+0000
995539509,buy,0.0003065,68739.14,2026-04-07 17:39:54.018016+0000
995539510,buy,0.00070319,68739.14,2026-04-07 17:39:54.018016+0000
995539511,buy,0.14674594,68739.14,2026-04-07 17:39:54.018071+0000
995539512,buy,0.00149812,68739.14,2026-04-07 17:39:54.020048+0000
995539513,buy,0.0228544,68739.14,2026-04-07 17:39:54.021927+0000
995539514,buy,0.00096175,68739.14,2026-04-07 17:39:54.022018+0000
995539515,buy,0.00170447,68739.14,2026-04-07 17:39:54.027566+0000
995539516,buy,0.0024134,68739.14,2026-04-07 17:39:54.030546+0000
995539517,buy,0.0091975,68739.14,2026-04-07 17:39:54.039152+0000
995539518,buy,1.6e-07,68739.14,2026-04-07 17:39:54.043848+0000
995539519,buy,0.00772476,68739.14,2026-04-07 17:39:54.046387+0000
995539520,buy,0.00215436,68739.14,2026-04-07 17:39:54.054721+0000
995539521,buy,0.00221369,68739.14,2026-04-07 17:39:54.059314+0000
995539522,buy,0.0023,68739.14,2026-04-07 17:39:54.061548+0000
995539523,buy,0.0015521,68739.14,2026-04-07 17:39:54.063729+0000
995539524,buy,0.00128216,68739.14,2026-04-07 17:39:54.065037+0000
995539525,buy,0.0128027,68739.14,2026-04-07 17:39:54.065323+0000
995539526,buy,0.0016426,68739.14,2026-04-07 17:39:54.090360+0000
995539527,buy,0.00182992,68739.14,2026-04-07 17:39:54.093934+0000
995539528,buy,0.00329141,68739.14,2026-04-07 17:39:54.097911+0000
995539529,buy,0.14752305,68739.14,2026-04-07 17:39:54.333366+0000
995539530,buy,0.01748433,68739.14,2026-04-07 17:39:54.337445+0000
995539531,buy,0.00204272,68739.14,2026-04-07 17:39:54.339859+0000
995539532,buy,0.00231662,68739.14,2026-04-07 17:39:54.343383+0000
995539533,buy,0.00759613,68739.14,2026-04-07 17:39:54.353503+0000
995539534,buy,0.00212396,68739.14,2026-04-07 17:39:54.357672+0000
995539535,buy,0.00159314,68739.14,2026-04-07 17:39:54.360461+0000
995539536,buy,0.01860277,68739.14,2026-04-07 17:39:54.368114+0000
995539537,buy,0.02672417,68739.14,2026-04-07 17:39:54.404767+0000
995539538,buy,0.00667461,68739.14,2026-04-07 17:39:54.414125+0000
995539539,buy,0.00528119,68739.14,2026-04-07 17:39:54.421282+0000
995539540,buy,0.00269725,68739.14,2026-04-07 17:39:54.425169+0000
995539541,buy,0.00106744,68739.14,2026-04-07 17:39:54.426830+0000
995539542,buy,0.00272198,68739.14,2026-04-07 17:39:54.430342+0000
995539543,buy,0.01520557,68739.14,2026-04-07 17:39:54.451156+0000
995539544,buy,0.00239002,68739.14,2026-04-07 17:39:54.454787+0000
995539545,buy,0.00092566,68739.14,2026-04-07 17:39:54.456665+0000
995539546,buy,0.00315285,68739.14,2026-04-07 17:39:54.459924+0000
995539547,buy,0.00107932,68739.14,2026-04-07 17:39:54.462061+0000
995539548,buy,0.00879082,68739.14,2026-04-07 17:39:54.474020+0000
995539549,buy,0.02346494,68739.14,2026-04-07 17:39:54.506238+0000
995539550,buy,5e-08,68739.14,2026-04-07 17:39:54.514412+0000
995539551,buy,0.019503,68739.14,2026-04-07 17:39:54.532771+0000
995539552,buy,0.00243004,68739.14,2026-04-07 17:39:54.535851+0000
995539553,buy,0.00228774,68739.14,2026-04-07 17:39:54.539156+0000
995539554,buy,0.00238264,68739.14,2026-04-07 17:39:54.542873+0000
995539555,buy,0.00129623,68739.14,2026-04-07 17:39:54.545634+0000
995539556,buy,0.00570506,68739.14,2026-04-07 17:39:54.553270+0000
995539557,buy,0.00276936,68739.14,2026-04-07 17:39:54.556056+0000
995539558,buy,0.00129988,68739.14,2026-04-07 17:39:54.557868+0000
995539559,buy,0.00142186,68739.14,2026-04-07 17:39:54.560320+0000
995539560,buy,0.00110545,68739.14,2026-04-07 17:39:54.561400+0000
995539561,buy,0.00187669,68739.14,2026-04-07 17:39:54.563985+0000
995539562,buy,0.00265787,68739.14,2026-04-07 17:39:54.567303+0000
995539563,buy,0.00245189,68739.14,2026-04-07 17:39:54.571438+0000
995539564,buy,0.0029502,68739.14,2026-04-07 17:39:54.575269+0000
995539565,buy,0.0013102,68739.14,2026-04-07 17:39:54.576632+0000
995539566,buy,0.00329409,68739.14,2026-04-07 17:39:54.585255+0000
995539567,buy,0.002278,68739.14,2026-04-07 17:39:54.588766+0000
995539568,buy,0.00264339,68739.14,2026-04-07 17:39:54.592954+0000
995539569,buy,0.00314864,68739.14,2026-04-07 17:39:54.596438+0000
995539570,buy,0.0026051,68739.14,2026-04-07 17:39:54.600196+0000
995539571,buy,0.0026977,68739.14,2026-04-07 17:39:54.603849+0000
995539572,buy,0.00211641,68739.14,2026-04-07 17:39:54.609641+0000
995539573,buy,0.00442807,68739.14,2026-04-07 17:39:54.612975+0000
995539574,buy,0.00502271,68739.14,2026-04-07 17:39:54.615463+0000
995539575,buy,0.00214049,68739.14,2026-04-07 17:39:54.618190+0000
995539576,buy,0.01945834,68739.14,2026-04-07 17:39:54.645168+0000
995539577,buy,0.01002421,68739.14,2026-04-07 17:39:54.658866+0000
995539578,buy,7e-08,68739.14,2026-04-07 17:39:54.961025+0000
995539579,buy,9e-08,68739.14,2026-04-07 17:39:55.469160+0000
995539580,buy,1.1e-07,68739.14,2026-04-07 17:39:55.694243+0000
995539581,buy,4e-07,68739.14,2026-04-07 17:39:55.874644+0000
995539582,sell,1e-07,68739.15,2026-04-07 17:39:56.066908+0000
995539583,buy,0.14867141,68739.14,2026-04-07 17:39:56.090472+0000
995539584,buy,0.02816542,68739.14,2026-04-07 17:39:56.091718+0000
995539585,buy,0.01646032,68739.14,2026-04-07 17:39:56.096107+0000
995539586,buy,0.00452373,68739.14,2026-04-07 17:39:56.096243+0000
995539587,buy,0.00096697,68739.14,2026-04-07 17:39:56.097875+0000
995539588,buy,0.02475053,68739.14,2026-04-07 17:39:56.103809+0000
995539589,buy,0.00120839,68739.14,2026-04-07 17:39:56.105434+0000
995539590,buy,0.01066626,68739.14,2026-04-07 17:39:56.120973+0000
995539591,buy,0.01460028,68739.14,2026-04-07 17:39:56.126691+0000
995539593,buy,0.0003065,68739.1,2026-04-07 17:39:56.128062+0000
995539592,buy,0.01634954,68739.14,2026-04-07 17:39:56.128062+0000
995539594,buy,0.0015,68738.1,2026-04-07 17:39:56.130974+0000
995539595,buy,0.01304797,68738.1,2026-04-07 17:39:56.132034+0000
995539596,buy,2e-08,68737.2,2026-04-07 17:39:56.351214+0000
995539598,buy,0.17056721,68737.2,2026-04-07 17:39:56.498130+0000
995539597,buy,1.698e-05,68737.2,2026-04-07 17:39:56.498130+0000
995539599,buy,1.7e-05,68733.86,2026-04-07 17:39:56.659600+0000
995539600,buy,7e-08,68730.52,2026-04-07 17:39:56.791674+0000
995539601,buy,1.3e-07,68730.52,2026-04-07 17:39:57.288136+0000
995539602,buy,5e-08,68730.52,2026-04-07 17:39:57.727245+0000
995539603,buy,1.675e-05,68730.52,2026-04-07 17:39:57.941953+0000
995539604,buy,3.491e-05,68728.84,2026-04-07 17:39:57.941953+0000
995539605,buy,1.7e-05,68727.18,2026-04-07 17:39:57.941953+0000
995539606,buy,0.01,68725.0,2026-04-07 17:39:57.941953+0000
995539608,buy,0.00388,68723.7,2026-04-07 17:39:57.942170+0000
995539607,buy,1.7e-05,68723.84,2026-04-07 17:39:57.942170+0000
995539609,sell,0.02847,68720.78,2026-04-07 17:39:58.146855+0000
995539610,sell,0.0214484,68720.78,2026-04-07 17:39:58.146855+0000
995539611,sell,0.0092616,68720.78,2026-04-07 17:39:58.147123+0000
995539612,sell,0.02182894,68720.78,2026-04-07 17:39:58.147123+0000
995539613,sell,0.00036379,68720.78,2026-04-07 17:39:58.147123+0000
995539614,sell,0.000387,68723.04,2026-04-07 17:39:58.212847+0000
995539615,buy,3e-08,68723.03,2026-04-07 17:39:58.297629+0000
995539618,buy,0.01,68715.0,2026-04-07 17:39:58.669927+0000
995539616,buy,1.7e-05,68720.5,2026-04-07 17:39:58.669927+0000
995539617,buy,1.7e-05,68717.16,2026-04-07 17:39:58.669927+0000
995539619,buy,1.7e-05,68713.82,2026-04-07 17:39:58.691130+0000
995539620,buy,0.00104089,68710.88,2026-04-07 17:39:58.694535+0000
995539621,buy,1.7e-05,68710.48,2026-04-07 17:39:58.694535+0000
995539622,buy,0.00388,68708.4,2026-04-07 17:39:58.704499+0000
995539623,buy,9e-08,68708.0,2026-04-07 17:39:58.726790+0000
995539624,sell,0.000241,68708.01,2026-04-07 17:39:58.932121+0000
995539625,sell,0.0500184,68708.01,2026-04-07 17:39:58.942696+0000
995539626,sell,0.03706666,68708.01,2026-04-07 17:39:58.942731+0000
995539627,buy,1.5e-07,68713.18,2026-04-07 17:39:59.210139+0000
995539628,buy,0.00032325,68714.21,2026-04-07 17:39:59.322860+0000
995539629,buy,3e-08,68714.21,2026-04-07 17:39:59.701642+0000
995539630,buy,2e-08,68714.21,2026-04-07 17:40:00.200237+0000
995539631,buy,4e-08,68712.3,2026-04-07 17:40:00.874381+0000
995539632,sell,0.00072636,68712.31,2026-04-07 17:40:00.938368+0000
995539633,sell,0.02182983,68712.31,2026-04-07 17:40:00.938368+0000
995539634,sell,0.00083216,68712.31,2026-04-07 17:40:00.938368+0000
995539635,sell,0.02368091,68712.76,2026-04-07 17:40:00.938368+0000
995539636,sell,2.818e-05,68712.76,2026-04-07 17:40:00.938368+0000
995539639,sell,0.0101874,68714.72,2026-04-07 17:40:00.938768+0000
995539640,sell,0.20373854,68714.97,2026-04-07 17:40:00.938768+0000
995539638,sell,2.3e-07,68713.79,2026-04-07 17:40:00.938768+0000
995539637,sell,0.08731885,68713.68,2026-04-07 17:40:00.938768+0000
995539641,sell,0.08731885,68714.97,2026-04-07 17:40:00.938926+0000
995539642,sell,0.01318115,68716.11,2026-04-07 17:40:00.938926+0000
995539643,sell,0.05951885,68716.11,2026-04-07 17:40:00.943319+0000
995539644,sell,0.00070686,68720.44,2026-04-07 17:40:00.988459+0000
995539645,buy,5e-08,68719.96,2026-04-07 17:40:01.270107+0000
995539646,buy,2e-08,68719.96,2026-04-07 17:40:01.771403+0000
995539650,sell,2.3e-07,68720.52,2026-04-07 17:40:02.160803+0000
995539651,sell,0.0509727,68720.91,2026-04-07 17:40:02.160803+0000
995539648,sell,2.824e-05,68720.5,2026-04-07 17:40:02.160803+0000
995539647,sell,1.7e-05,68720.5,2026-04-07 17:40:02.160803+0000
995539649,sell,2.3e-07,68720.51,2026-04-07 17:40:02.160803+0000
995539652,sell,0.03633697,68720.91,2026-04-07 17:40:02.160852+0000
995539653,sell,0.00072636,68722.46,2026-04-07 17:40:02.210822+0000
995539654,buy,2e-08,68723.83,2026-04-07 17:40:02.553356+0000
995539655,sell,1e-07,68723.84,2026-04-07 17:40:02.729526+0000
995539656,buy,4e-08,68723.83,2026-04-07 17:40:03.159441+0000
995539657,buy,4e-08,68723.83,2026-04-07 17:40:03.649592+0000
995539658,buy,1.2e-07,68721.42,2026-04-07 17:40:04.098759+0000
995539659,buy,0.00029124,68721.42,2026-04-07 17:40:04.404110+0000
995539660,sell,1e-07,68721.43,2026-04-07 17:40:04.433012+0000
995539661,buy,0.001521,68721.42,2026-04-07 17:40:04.529971+0000
995539662,buy,3e-08,68716.91,2026-04-07 17:40:04.598405+0000
995539663,sell,6.9e-05,68716.92,2026-04-07 17:40:05.063869+0000
995539664,buy,2e-08,68716.91,2026-04-07 17:40:05.082475+0000
995539682,buy,0.09186067,68708.08,2026-04-07 17:40:05.196072+0000
995539681,buy,0.0178259,68709.28,2026-04-07 17:40:05.196072+0000
995539680,buy,0.01,68710.0,2026-04-07 17:40:05.196072+0000
995539679,buy,0.0278,68710.0,2026-04-07 17:40:05.196072+0000
995539678,buy,0.13948981,68710.01,2026-04-07 17:40:05.196072+0000
995539677,buy,0.02183061,68710.02,2026-04-07 17:40:05.196072+0000
995539676,buy,1.7e-05,68710.48,2026-04-07 17:40:05.196072+0000
995539675,buy,0.0127334,68711.26,2026-04-07 17:40:05.196072+0000
995539674,buy,0.0278,68712.0,2026-04-07 17:40:05.196072+0000
995539672,buy,0.0238434,68712.06,2026-04-07 17:40:05.196072+0000
995539671,buy,0.5,68713.07,2026-04-07 17:40:05.196072+0000
995539670,buy,1.7e-05,68713.82,2026-04-07 17:40:05.196072+0000
995539669,buy,0.0278,68714.0,2026-04-07 17:40:05.196072+0000
995539668,buy,0.01018672,68714.5,2026-04-07 17:40:05.196072+0000
995539667,buy,0.0293184,68716.82,2026-04-07 17:40:05.196072+0000
995539666,buy,0.001521,68716.91,2026-04-07 17:40:05.196072+0000
995539665,buy,0.02931835,68716.91,2026-04-07 17:40:05.196072+0000
995539673,buy,0.02863774,68712.06,2026-04-07 17:40:05.196072+0000
995539683,buy,0.0141,68715.73,2026-04-07 17:40:05.201284+0000
995539684,buy,2e-08,68711.26,2026-04-07 17:40:05.598612+0000
995539686,sell,0.00766538,68711.27,2026-04-07 17:40:05.611444+0000
995539685,sell,0.02183132,68711.27,2026-04-07 17:40:05.611444+0000
995539687,buy,0.0292184,68712.52,2026-04-07 17:40:05.788772+0000
995539689,sell,0.02183217,68712.53,2026-04-07 17:40:05.926783+0000
995539688,sell,0.00511025,68712.52,2026-04-07 17:40:05.926783+0000
995539690,buy,3e-08,68716.91,2026-04-07 17:40:06.001365+0000
995539691,sell,1e-07,68716.91,2026-04-07 17:40:06.083316+0000
995539692,buy,0.0017661,68715.4,2026-04-07 17:40:06.454279+0000
995539693,buy,4e-08,68715.4,2026-04-07 17:40:06.461377+0000
995539694,buy,2e-08,68711.65,2026-04-07 17:40:06.931760+0000
995539695,buy,2e-08,68710.5,2026-04-07 17:40:07.404227+0000
995539696,buy,0.01767537,68708.01,2026-04-07 17:40:07.582948+0000
995539697,buy,0.01124303,68708.01,2026-04-07 17:40:07.583702+0000
995539698,buy,0.00017537,68708.0,2026-04-07 17:40:07.583702+0000
995539699,sell,1e-07,68708.02,2026-04-07 17:40:07.822345+0000
995539700,buy,4e-08,68708.01,2026-04-07 17:40:07.825528+0000
995539701,sell,0.00690177,68708.02,2026-04-07 17:40:07.872503+0000
995539702,sell,2.354e-05,68708.02,2026-04-07 17:40:07.907532+0000
995539703,buy,3e-08,68708.01,2026-04-07 17:40:08.341120+0000
995539704,buy,6e-08,68708.01,2026-04-07 17:40:08.797667+0000
995539705,sell,0.00282808,68708.02,2026-04-07 17:40:09.242761+0000
995539706,buy,3e-08,68708.01,2026-04-07 17:40:09.273716+0000
995539707,sell,0.00720362,68708.02,2026-04-07 17:40:09.515355+0000
995539708,sell,1e-07,68708.02,2026-04-07 17:40:09.522151+0000
995539710,buy,0.00018657,68708.01,2026-04-07 17:40:10.068915+0000
995539709,buy,2.659e-05,68708.01,2026-04-07 17:40:10.068915+0000
995539711,buy,1e-07,68708.01,2026-04-07 17:40:10.100405+0000
995539713,buy,1.7e-05,68707.14,2026-04-07 17:40:10.296356+0000
995539712,buy,3.507e-05,68708.0,2026-04-07 17:40:10.296356+0000
995539714,buy,8e-08,68704.15,2026-04-07 17:40:10.506030+0000
995539715,buy,8e-08,68704.15,2026-04-07 17:40:11.003228+0000
995539716,sell,1e-07,68704.16,2026-04-07 17:40:11.168589+0000
995539717,buy,9e-08,68704.15,2026-04-07 17:40:11.488545+0000
995539718,buy,4.464e-05,68704.15,2026-04-07 17:40:11.994779+0000
995539719,buy,0.00024936,68704.15,2026-04-07 17:40:11.994779+0000
995539720,buy,2e-08,68704.15,2026-04-07 17:40:12.030701+0000
995539721,buy,0.0004,68704.15,2026-04-07 17:40:12.039716+0000
995539723,buy,3.507e-05,68704.15,2026-04-07 17:40:12.039868+0000
995539724,buy,2.668e-05,68704.15,2026-04-07 17:40:12.039868+0000
995539725,buy,1.1e-07,68704.15,2026-04-07 17:40:12.039868+0000
995539722,buy,0.00184214,68704.15,2026-04-07 17:40:12.039868+0000
995539726,buy,1.7e-05,68703.8,2026-04-07 17:40:12.040323+0000
995539727,buy,0.01455538,68703.11,2026-04-07 17:40:12.040323+0000
995539728,buy,0.00152,68702.81,2026-04-07 17:40:12.040323+0000
995539729,buy,0.0114,68702.22,2026-04-07 17:40:12.040323+0000
995539730,buy,0.0114,68702.22,2026-04-07 17:40:12.040323+0000
995539735,buy,0.1135429,68696.5,2026-04-07 17:40:12.044285+0000
995539734,buy,1.7e-05,68697.12,2026-04-07 17:40:12.044285+0000
995539732,buy,0.0002911,68698.93,2026-04-07 17:40:12.044285+0000
995539733,buy,0.01273576,68698.5,2026-04-07 17:40:12.044285+0000
995539731,buy,1.7e-05,68700.46,2026-04-07 17:40:12.044285+0000
995539736,buy,0.0218325,68695.72,2026-04-07 17:40:12.045044+0000
995539737,sell,4.219e-05,68695.08,2026-04-07 17:40:12.171048+0000
995539738,sell,0.000807,68695.08,2026-04-07 17:40:12.324010+0000
995539739,sell,0.02762081,68695.08,2026-04-07 17:40:12.341631+0000
995539740,sell,0.00765206,68695.08,2026-04-07 17:40:12.341631+0000
995539741,sell,0.00103683,68695.08,2026-04-07 17:40:12.341631+0000
995539742,buy,0.00170498,68695.5,2026-04-07 17:40:12.385852+0000
995539743,buy,5e-08,68695.5,2026-04-07 17:40:12.457475+0000
995539744,sell,0.00510137,68695.51,2026-04-07 17:40:12.526282+0000
995539746,sell,0.0025431,68700.0,2026-04-07 17:40:12.723484+0000
995539745,sell,0.0017,68700.0,2026-04-07 17:40:12.723484+0000
995539748,buy,0.0291184,68699.99,2026-04-07 17:40:12.864614+0000
995539749,buy,0.0239,68696.0,2026-04-07 17:40:12.864614+0000
995539750,buy,0.00152,68695.07,2026-04-07 17:40:12.864614+0000
995539751,buy,2.925e-05,68695.07,2026-04-07 17:40:12.864614+0000
995539752,buy,0.01253388,68694.46,2026-04-07 17:40:12.864614+0000
995539747,buy,0.02183275,68699.99,2026-04-07 17:40:12.864614+0000
995539753,sell,1.412e-05,68699.97,2026-04-07 17:40:12.871998+0000
995539754,buy,4e-08,68699.96,2026-04-07 17:40:12.874522+0000
995539755,sell,1e-07,68699.97,2026-04-07 17:40:12.901209+0000
995539756,sell,0.00043229,68694.05,2026-04-07 17:40:12.999819+0000
995539757,sell,2.9e-07,68694.05,2026-04-07 17:40:13.106928+0000
995539758,sell,7.205e-05,68693.79,2026-04-07 17:40:13.249536+0000
995539759,buy,5e-08,68693.78,2026-04-07 17:40:13.409103+0000
995539760,sell,2.9e-07,68693.79,2026-04-07 17:40:13.659297+0000
995539761,buy,5e-08,68693.78,2026-04-07 17:40:13.868594+0000
995539762,buy,1.69e-05,68693.78,2026-04-07 17:40:13.895589+0000
995539763,buy,0.01468299,68693.78,2026-04-07 17:40:13.895589+0000
995539764,sell,2.094e-05,68693.79,2026-04-07 17:40:13.988401+0000
995539765,buy,5e-08,68693.78,2026-04-07 17:40:14.387325+0000
995539770,sell,5.65e-05,68693.8,2026-04-07 17:40:14.630292+0000
995539769,sell,2.3e-07,68693.8,2026-04-07 17:40:14.630292+0000
995539767,sell,0.0006031,68693.79,2026-04-07 17:40:14.630292+0000
995539766,sell,0.00337997,68693.79,2026-04-07 17:40:14.630292+0000
995539768,sell,2.3e-07,68693.79,2026-04-07 17:40:14.630292+0000
995539771,sell,0.00043643,68695.08,2026-04-07 17:40:14.643031+0000
995539772,buy,2e-08,68696.49,2026-04-07 17:40:15.092648+0000
995539773,buy,7e-08,68696.49,2026-04-07 17:40:15.602116+0000
995539774,sell,4.2e-05,68696.5,2026-04-07 17:40:15.951992+0000
995539775,buy,3e-08,68696.49,2026-04-07 17:40:16.032849+0000
995539776,sell,1e-07,68696.5,2026-04-07 17:40:16.198855+0000
995539777,buy,6e-08,68696.49,2026-04-07 17:40:16.647767+0000
995539778,sell,7e-05,68696.5,2026-04-07 17:40:16.881511+0000
995539779,buy,4e-08,68696.49,2026-04-07 17:40:17.095140+0000
995539780,sell,0.00014412,68696.5,2026-04-07 17:40:17.344836+0000
995539781,buy,5e-08,68696.49,2026-04-07 17:40:17.583717+0000
995539782,sell,0.00027,68696.5,2026-04-07 17:40:17.652311+0000
995539783,sell,2.614e-05,68696.5,2026-04-07 17:40:17.787300+0000
995539784,sell,1e-07,68696.5,2026-04-07 17:40:17.976490+0000
995539785,buy,5e-08,68696.49,2026-04-07 17:40:18.126908+0000
995539786,sell,0.00078,68696.5,2026-04-07 17:40:18.203634+0000
995539787,buy,5e-08,68696.49,2026-04-07 17:40:18.670969+0000
995539788,buy,2e-08,68696.49,2026-04-07 17:40:19.133627+0000
995539789,sell,1e-07,68696.5,2026-04-07 17:40:19.612386+0000
995539790,buy,6e-08,68696.49,2026-04-07 17:40:19.671213+0000
995539791,buy,6e-08,68696.49,2026-04-07 17:40:20.220449+0000
995539792,buy,2e-08,68696.49,2026-04-07 17:40:20.766132+0000
995539793,sell,0.000308,68696.5,2026-04-07 17:40:20.863398+0000
995539796,sell,0.01785701,68696.5,2026-04-07 17:40:20.895636+0000
995539795,sell,0.00182312,68696.5,2026-04-07 17:40:20.895636+0000
995539794,sell,4.987e-05,68696.5,2026-04-07 17:40:20.895636+0000
995539797,buy,7e-08,68696.49,2026-04-07 17:40:21.197458+0000
995539798,sell,0.000142,68696.5,2026-04-07 17:40:21.229697+0000
995539799,sell,0.00107342,68696.5,2026-04-07 17:40:21.267145+0000
995539800,sell,4.958e-05,68696.5,2026-04-07 17:40:21.267145+0000
995539805,sell,2.3e-07,68696.52,2026-04-07 17:40:21.277708+0000
995539804,sell,2.819e-05,68696.51,2026-04-07 17:40:21.277708+0000
995539807,sell,0.00046589,68696.61,2026-04-07 17:40:21.277708+0000
995539802,sell,0.00081028,68696.5,2026-04-07 17:40:21.277708+0000
995539803,sell,2.3e-07,68696.51,2026-04-07 17:40:21.277708+0000
995539806,sell,2.825e-05,68696.52,2026-04-07 17:40:21.277708+0000
995539801,sell,2.9e-07,68696.5,2026-04-07 17:40:21.277708+0000
995539808,sell,1e-07,68701.31,2026-04-07 17:40:21.330375+0000
995539809,sell,0.000925,68701.31,2026-04-07 17:40:21.332644+0000
995539810,buy,0.00141083,68702.7,2026-04-07 17:40:21.431669+0000
995539811,buy,2.2e-07,68703.78,2026-04-07 17:40:21.663217+0000
995539812,buy,1.1e-07,68703.78,2026-04-07 17:40:21.682943+0000
995539813,buy,5e-08,68701.57,2026-04-07 17:40:22.165075+0000
995539814,sell,0.002132,68702.26,2026-04-07 17:40:22.321207+0000
995539815,sell,0.000192,68702.26,2026-04-07 17:40:22.354433+0000
995539816,buy,2e-08,68702.25,2026-04-07 17:40:22.700182+0000
995539817,sell,1e-07,68702.26,2026-04-07 17:40:22.988290+0000
995539818,buy,2e-07,68702.25,2026-04-07 17:40:23.139028+0000
995539819,buy,0.00020127,68702.25,2026-04-07 17:40:23.224665+0000
995539820,buy,1.663e-05,68702.25,2026-04-07 17:40:23.253466+0000
995539821,buy,2e-08,68701.57,2026-04-07 17:40:23.675808+0000
995539822,buy,3e-08,68701.57,2026-04-07 17:40:24.136471+0000
995539823,buy,0.1563106,68701.57,2026-04-07 17:40:24.559007+0000
995539824,buy,0.1770223,68701.57,2026-04-07 17:40:24.559108+0000
995539825,buy,2.1e-07,68701.57,2026-04-07 17:40:24.559108+0000
995539826,buy,0.00029111,68701.57,2026-04-07 17:40:24.559108+0000
995539830,buy,0.01455593,68700.53,2026-04-07 17:40:24.562907+0000
995539829,buy,0.0004367,68701.01,2026-04-07 17:40:24.562907+0000
995539827,buy,2.1e-07,68701.56,2026-04-07 17:40:24.562907+0000
995539828,buy,2.1e-07,68701.54,2026-04-07 17:40:24.562907+0000
995539831,buy,3e-08,68697.19,2026-04-07 17:40:24.726615+0000
995539832,sell,0.00176811,68697.2,2026-04-07 17:40:24.856403+0000
995539833,sell,6.845e-05,68697.2,2026-04-07 17:40:24.952070+0000
995539834,buy,0.00147013,68697.19,2026-04-07 17:40:25.058475+0000
995539835,buy,5e-08,68697.19,2026-04-07 17:40:25.190465+0000
995539836,buy,2e-08,68697.19,2026-04-07 17:40:25.731106+0000
995539837,sell,0.00035365,68697.2,2026-04-07 17:40:25.742276+0000
995539838,sell,0.00014051,68697.2,2026-04-07 17:40:26.100502+0000
995539839,buy,5e-08,68697.19,2026-04-07 17:40:26.227487+0000
995539840,sell,0.00042438,68697.2,2026-04-07 17:40:26.332552+0000
995539841,sell,0.008273,68697.2,2026-04-07 17:40:26.893164+0000
995539842,buy,3e-08,68697.19,2026-04-07 17:40:26.908899+0000
995539844,sell,0.00035222,68697.2,2026-04-07 17:40:26.922648+0000
995539843,sell,0.00023178,68697.2,2026-04-07 17:40:26.922648+0000
995539845,sell,0.00030958,68697.2,2026-04-07 17:40:27.042056+0000
995539846,sell,0.00015452,68697.2,2026-04-07 17:40:27.042056+0000
995539847,sell,6.1e-05,68698.91,2026-04-07 17:40:27.312227+0000
995539848,sell,0.000402,68698.91,2026-04-07 17:40:27.342169+0000
995539849,sell,1.5e-07,68698.91,2026-04-07 17:40:27.353986+0000
995539850,sell,0.00014396,68701.32,2026-04-07 17:40:27.353986+0000
995539851,buy,5e-08,68698.91,2026-04-07 17:40:27.361283+0000
995539852,sell,0.001441,68702.1,2026-04-07 17:40:27.469219+0000
995539853,sell,0.000944,68702.1,2026-04-07 17:40:27.492428+0000
995539854,sell,0.00288224,68702.67,2026-04-07 17:40:27.705367+0000
995539855,sell,8.8e-05,68702.67,2026-04-07 17:40:27.747028+0000
995539856,buy,5e-08,68702.66,2026-04-07 17:40:27.898016+0000
995539857,sell,1.7e-05,68703.8,2026-04-07 17:40:28.218139+0000
995539858,sell,0.002456,68703.8,2026-04-07 17:40:28.218139+0000
995539859,buy,9e-08,68703.79,2026-04-07 17:40:28.435242+0000
995539860,sell,7.248e-05,68703.8,2026-04-07 17:40:28.570572+0000
995539861,sell,0.00070725,68703.8,2026-04-07 17:40:28.608515+0000
995539862,sell,0.00028289,68703.8,2026-04-07 17:40:28.764641+0000
995539863,buy,1.2e-07,68703.79,2026-04-07 17:40:28.921108+0000
995539864,sell,0.00014411,68703.8,2026-04-07 17:40:28.932660+0000
995539865,sell,0.00013804,68703.8,2026-04-07 17:40:29.047714+0000
995539866,buy,4e-08,68703.79,2026-04-07 17:40:29.393823+0000
995539867,buy,0.00937333,68703.79,2026-04-07 17:40:29.468545+0000
995539868,buy,0.0015685,68703.79,2026-04-07 17:40:29.612020+0000
995539869,sell,7.206e-05,68703.8,2026-04-07 17:40:29.773673+0000
995539870,sell,0.00045622,68703.8,2026-04-07 17:40:29.932236+0000
995539871,sell,0.00035202,68703.8,2026-04-07 17:40:29.932236+0000
995539872,sell,0.0020738,68703.8,2026-04-07 17:40:29.932236+0000
995539873,buy,5e-08,68703.79,2026-04-07 17:40:29.953578+0000
995539874,sell,0.00021617,68703.8,2026-04-07 17:40:30.034503+0000
995539875,sell,0.00028822,68703.8,2026-04-07 17:40:30.035522+0000
995539876,sell,0.00024438,68703.8,2026-04-07 17:40:30.272591+0000
995539877,sell,0.0001441,68703.8,2026-04-07 17:40:30.413133+0000
995539878,buy,8e-08,68703.79,2026-04-07 17:40:30.432417+0000
995539879,sell,0.0001441,68703.8,2026-04-07 17:40:30.590906+0000
995539880,sell,3.2e-06,68703.8,2026-04-07 17:40:30.657915+0000
995539881,sell,1.4e-07,68703.8,2026-04-07 17:40:30.669545+0000
995539882,buy,3e-08,68703.79,2026-04-07 17:40:30.974341+0000
995539883,buy,0.0073504,68703.79,2026-04-07 17:40:31.205260+0000
995539884,sell,6.571e-05,68703.8,2026-04-07 17:40:31.384902+0000
995539885,buy,2e-08,68703.79,2026-04-07 17:40:31.483849+0000
995539886,buy,1.1e-07,68703.79,2026-04-07 17:40:31.591468+0000
995539887,sell,0.00122597,68703.8,2026-04-07 17:40:31.650419+0000
995539888,sell,7.205e-05,68703.8,2026-04-07 17:40:31.758442+0000
995539889,sell,0.00036025,68703.8,2026-04-07 17:40:31.918777+0000
995539890,buy,1.2e-07,68703.77,2026-04-07 17:40:32.032844+0000
995539891,buy,4.239e-05,68703.77,2026-04-07 17:40:32.035149+0000
995539892,buy,7e-08,68703.77,2026-04-07 17:40:32.526383+0000
995539893,buy,6e-08,68703.77,2026-04-07 17:40:33.046275+0000
995539894,buy,0.02941827,68703.77,2026-04-07 17:40:33.182273+0000
995539895,buy,0.0002911,68703.77,2026-04-07 17:40:33.182273+0000
995539896,buy,0.01455546,68702.75,2026-04-07 17:40:33.182273+0000
995539897,buy,0.02851141,68702.24,2026-04-07 17:40:33.182273+0000
995539898,buy,3e-08,68702.24,2026-04-07 17:40:33.558384+0000
995539899,sell,0.02183562,68702.25,2026-04-07 17:40:33.805431+0000
995539900,sell,0.00057448,68702.25,2026-04-07 17:40:33.805431+0000
995539901,sell,0.00072751,68703.28,2026-04-07 17:40:33.817788+0000
995539902,sell,0.04869089,68703.71,2026-04-07 17:40:33.817788+0000
995539903,sell,0.0158184,68703.71,2026-04-07 17:40:33.818042+0000
995539904,buy,0.0175,68703.27,2026-04-07 17:40:33.838376+0000
995539905,buy,0.0296184,68703.27,2026-04-07 17:40:33.838376+0000
995539906,buy,0.04073167,68703.27,2026-04-07 17:40:33.838376+0000
995539907,buy,0.00036388,68703.27,2026-04-07 17:40:33.838376+0000
995539908,buy,0.0296184,68703.25,2026-04-07 17:40:33.838376+0000
995539909,buy,0.02,68702.64,2026-04-07 17:40:33.838376+0000
995539910,buy,0.74302079,68702.64,2026-04-07 17:40:33.838376+0000
995539911,buy,3e-08,68703.27,2026-04-07 17:40:34.018342+0000
995539912,sell,0.00027152,68703.28,2026-04-07 17:40:34.201170+0000
995539913,buy,4e-08,68703.27,2026-04-07 17:40:34.496637+0000
995539914,buy,4e-08,68703.27,2026-04-07 17:40:34.994224+0000
995539915,buy,6e-08,68703.27,2026-04-07 17:40:35.550840+0000
995539916,buy,5e-08,68703.27,2026-04-07 17:40:36.048394+0000
995539934,buy,0.01921501,68696.0,2026-04-07 17:40:36.367587+0000
995539933,buy,0.04367062,68696.06,2026-04-07 17:40:36.367587+0000
995539932,buy,0.05329456,68696.07,2026-04-07 17:40:36.367587+0000
995539931,buy,1.863e-05,68696.49,2026-04-07 17:40:36.367587+0000
995539930,buy,4.105e-05,68696.49,2026-04-07 17:40:36.367587+0000
995539928,buy,0.01273597,68696.6,2026-04-07 17:40:36.367587+0000
995539929,buy,2.641e-05,68696.49,2026-04-07 17:40:36.367587+0000
995539927,buy,1.863e-05,68697.19,2026-04-07 17:40:36.367587+0000
995539922,buy,0.01018874,68700.86,2026-04-07 17:40:36.367587+0000
995539925,buy,0.0239,68698.0,2026-04-07 17:40:36.367587+0000
995539926,buy,0.00072751,68697.2,2026-04-07 17:40:36.367587+0000
995539917,buy,0.02961818,68703.27,2026-04-07 17:40:36.367587+0000
995539918,buy,0.00043666,68703.27,2026-04-07 17:40:36.367587+0000
995539919,buy,0.0002911,68703.24,2026-04-07 17:40:36.367587+0000
995539921,buy,0.01455557,68702.23,2026-04-07 17:40:36.367587+0000
995539923,buy,0.001516,68698.22,2026-04-07 17:40:36.367587+0000
995539924,buy,0.0002911,68698.16,2026-04-07 17:40:36.367587+0000
995539920,buy,0.15697921,68702.64,2026-04-07 17:40:36.367587+0000
995539935,sell,4.9e-05,68699.99,2026-04-07 17:40:36.485335+0000
995539936,buy,3e-08,68699.98,2026-04-07 17:40:36.566301+0000
995539937,sell,0.0076966,68699.99,2026-04-07 17:40:36.596327+0000
995539938,sell,0.0003639,68699.99,2026-04-07 17:40:36.596327+0000
995539939,sell,0.00045643,68699.99,2026-04-07 17:40:36.596327+0000
995539940,sell,0.02183505,68700.32,2026-04-07 17:40:36.596327+0000
995539941,sell,0.01455582,68701.03,2026-04-07 17:40:36.596327+0000
995539942,sell,0.0057106,68702.4,2026-04-07 17:40:36.596327+0000
995539943,sell,0.00447863,68702.4,2026-04-07 17:40:36.596781+0000
995539947,sell,2.3e-07,68703.81,2026-04-07 17:40:36.606883+0000
995539944,sell,2.3e-07,68703.77,2026-04-07 17:40:36.606883+0000
995539945,sell,2.3e-07,68703.79,2026-04-07 17:40:36.606883+0000
995539946,sell,2.3e-07,68703.8,2026-04-07 17:40:36.606883+0000
995539950,sell,2.3e-07,68704.17,2026-04-07 17:40:36.617220+0000
995539948,sell,2.3e-07,68704.15,2026-04-07 17:40:36.617220+0000
995539949,sell,2.3e-07,68704.16,2026-04-07 17:40:36.617220+0000
995539951,sell,0.005187,68706.0,2026-04-07 17:40:36.644716+0000
995539952,buy,2e-08,68703.91,2026-04-07 17:40:37.084631+0000
995539953,buy,8e-08,68703.91,2026-04-07 17:40:37.600082+0000
995539954,buy,4e-08,68703.91,2026-04-07 17:40:38.077722+0000
995539955,sell,1e-07,68703.92,2026-04-07 17:40:38.078951+0000
995539956,sell,0.000309,68703.92,2026-04-07 17:40:38.213576+0000
995539957,sell,0.000183,68703.92,2026-04-07 17:40:38.290743+0000
995539958,sell,0.02134141,68703.92,2026-04-07 17:40:38.300029+0000
995539959,sell,0.00025644,68703.92,2026-04-07 17:40:38.300029+0000
995539960,sell,2.819e-05,68706.0,2026-04-07 17:40:38.312395+0000
995539961,sell,0.02183351,68706.0,2026-04-07 17:40:38.312395+0000
995539962,sell,2.824e-05,68706.33,2026-04-07 17:40:38.312395+0000
995539963,sell,1.7e-05,68707.14,2026-04-07 17:40:38.325886+0000
995539964,sell,0.007471,68707.53,2026-04-07 17:40:38.382282+0000
995539965,buy,3e-08,68707.52,2026-04-07 17:40:38.568822+0000
995539966,buy,0.00610662,68707.52,2026-04-07 17:40:39.107114+0000
995539967,sell,2.9e-07,68705.94,2026-04-07 17:40:39.379598+0000
995539968,buy,1.426e-05,68705.93,2026-04-07 17:40:39.543417+0000
995539969,buy,0.01454775,68705.93,2026-04-07 17:40:39.652126+0000
995539970,sell,1e-07,68705.94,2026-04-07 17:40:39.736075+0000
995539971,buy,4e-08,68705.93,2026-04-07 17:40:40.009513+0000
995539973,sell,0.02183429,68705.94,2026-04-07 17:40:40.332634+0000
995539975,sell,0.0002099,68705.94,2026-04-07 17:40:40.332634+0000
995539972,sell,0.0873283,68705.94,2026-04-07 17:40:40.332634+0000
995539974,sell,0.00072751,68705.94,2026-04-07 17:40:40.332634+0000
995539976,sell,3.114e-05,68705.94,2026-04-07 17:40:40.332786+0000
995539977,sell,2.819e-05,68706.0,2026-04-07 17:40:40.332786+0000
995539978,sell,0.01454067,68706.98,2026-04-07 17:40:40.332786+0000
995539979,sell,1.389e-05,68706.98,2026-04-07 17:40:40.332948+0000
995539980,sell,0.01018834,68708.35,2026-04-07 17:40:40.332948+0000
995539981,sell,0.02183429,68708.35,2026-04-07 17:40:40.356023+0000
995539982,sell,0.02183429,68710.09,2026-04-07 17:40:40.433411+0000
995539984,sell,1.7e-05,68710.48,2026-04-07 17:40:40.446861+0000
995539983,sell,0.02183429,68710.39,2026-04-07 17:40:40.446861+0000
995539985,sell,0.00368096,68711.44,2026-04-07 17:40:40.457094+0000
995539986,buy,3e-08,68712.47,2026-04-07 17:40:40.477714+0000
995539987,buy,0.3968548,68713.81,2026-04-07 17:40:40.706153+0000
995539988,buy,4e-08,68713.81,2026-04-07 17:40:41.028373+0000
995539989,buy,0.14983625,68713.81,2026-04-07 17:40:41.482978+0000
995539990,buy,0.00313008,68713.81,2026-04-07 17:40:41.486723+0000
995539991,buy,0.00467627,68713.81,2026-04-07 17:40:41.488125+0000
995539992,buy,0.00301645,68713.81,2026-04-07 17:40:41.492208+0000
995539993,buy,0.00259111,68713.81,2026-04-07 17:40:41.495285+0000
995539994,buy,0.00230043,68713.81,2026-04-07 17:40:41.498749+0000
995539995,buy,0.00240922,68713.81,2026-04-07 17:40:41.502888+0000
995539996,buy,0.00548862,68713.81,2026-04-07 17:40:41.509830+0000
995539997,buy,0.00649152,68713.81,2026-04-07 17:40:41.518454+0000
995539998,buy,0.00235859,68713.81,2026-04-07 17:40:41.521928+0000
995539999,buy,0.00147359,68713.81,2026-04-07 17:40:41.523780+0000
995540000,buy,0.00172284,68713.81,2026-04-07 17:40:41.525999+0000
995540001,buy,0.00191118,68713.81,2026-04-07 17:40:41.529070+0000
995540002,buy,0.00411397,68713.81,2026-04-07 17:40:41.534522+0000
995540003,buy,0.0039975,68713.81,2026-04-07 17:40:41.540241+0000
995540004,buy,0.01220184,68713.81,2026-04-07 17:40:41.556929+0000
995540005,buy,0.00249859,68713.81,2026-04-07 17:40:41.560787+0000
995540006,buy,0.00187963,68713.81,2026-04-07 17:40:41.563570+0000
995540007,buy,0.00362219,68713.81,2026-04-07 17:40:41.567703+0000
995540008,buy,0.00225766,68713.81,2026-04-07 17:40:41.570655+0000
995540009,buy,0.01183931,68713.81,2026-04-07 17:40:41.587030+0000
995540010,buy,0.00131473,68713.81,2026-04-07 17:40:41.588794+0000
995540011,buy,0.00123361,68713.81,2026-04-07 17:40:41.590472+0000
995540012,buy,0.00976934,68713.81,2026-04-07 17:40:41.603909+0000
995540013,buy,0.00232044,68713.81,2026-04-07 17:40:41.607361+0000
995540014,buy,0.00248382,68713.81,2026-04-07 17:40:41.610944+0000
995540015,buy,2e-08,68713.81,2026-04-07 17:40:41.632177+0000
995540016,buy,0.02010261,68713.81,2026-04-07 17:40:41.647215+0000
995540017,buy,0.14945383,68713.81,2026-04-07 17:40:42.062605+0000
995540018,buy,0.00189663,68713.81,2026-04-07 17:40:42.065469+0000
995540019,buy,0.00333837,68713.81,2026-04-07 17:40:42.065696+0000
995540020,buy,0.01614552,68713.81,2026-04-07 17:40:42.066947+0000
995540021,buy,0.01411683,68713.81,2026-04-07 17:40:42.067568+0000
995540022,buy,0.0016298,68713.81,2026-04-07 17:40:42.069696+0000
995540023,buy,0.00535079,68713.81,2026-04-07 17:40:42.069853+0000
995540024,buy,0.00558142,68713.81,2026-04-07 17:40:42.070543+0000
995540025,buy,0.02133243,68713.81,2026-04-07 17:40:42.070885+0000
995540026,buy,0.01725813,68713.81,2026-04-07 17:40:42.071178+0000
995540027,buy,0.00166145,68713.81,2026-04-07 17:40:42.071178+0000
995540028,buy,0.00036383,68713.81,2026-04-07 17:40:42.071178+0000
995540029,buy,0.01455334,68712.77,2026-04-07 17:40:42.075916+0000
995540030,buy,0.00274854,68711.4,2026-04-07 17:40:42.080845+0000
995540031,buy,0.00234808,68711.4,2026-04-07 17:40:42.083538+0000
995540032,buy,5e-08,68707.58,2026-04-07 17:40:42.094620+0000
995540033,buy,0.00316068,68709.0,2026-04-07 17:40:42.188837+0000
995540034,buy,0.00072379,68709.0,2026-04-07 17:40:42.189399+0000
995540035,buy,0.01145766,68709.0,2026-04-07 17:40:42.190731+0000
995540036,buy,0.00057101,68709.0,2026-04-07 17:40:42.190880+0000
995540037,buy,0.00925465,68709.0,2026-04-07 17:40:42.195112+0000
995540038,buy,0.00018249,68709.0,2026-04-07 17:40:42.195499+0000
995540039,buy,0.00116851,68709.0,2026-04-07 17:40:42.196874+0000
995540040,buy,6e-08,68706.61,2026-04-07 17:40:42.558360+0000
995540044,buy,0.00577067,68706.61,2026-04-07 17:40:42.793152+0000
995540041,buy,0.03061834,68706.61,2026-04-07 17:40:42.793152+0000
995540042,buy,0.001512,68706.61,2026-04-07 17:40:42.793152+0000
995540043,buy,0.00031898,68706.61,2026-04-07 17:40:42.793152+0000
995540045,sell,0.00027564,68706.62,2026-04-07 17:40:42.930004+0000
995540046,sell,0.008136,68707.36,2026-04-07 17:40:42.962136+0000
995540047,sell,0.000438,68707.36,2026-04-07 17:40:42.992253+0000
995540048,buy,3e-08,68707.35,2026-04-07 17:40:43.052182+0000
995540049,sell,0.0510184,68707.36,2026-04-07 17:40:43.197786+0000
995540051,sell,0.00016606,68707.36,2026-04-07 17:40:43.198330+0000
995540050,sell,0.02773449,68707.36,2026-04-07 17:40:43.198330+0000
995540052,buy,6e-08,68709.16,2026-04-07 17:40:43.547127+0000
995540053,buy,7e-08,68710.18,2026-04-07 17:40:43.985681+0000
995540054,buy,2.2e-07,68710.18,2026-04-07 17:40:44.436530+0000
995540055,sell,3.34e-06,68710.19,2026-04-07 17:40:44.472636+0000
995540056,sell,0.008066,68710.19,2026-04-07 17:40:44.774519+0000
995540057,sell,4.5e-05,68710.19,2026-04-07 17:40:44.806623+0000
995540058,sell,9.44e-05,68710.19,2026-04-07 17:40:44.819548+0000
995540059,sell,0.00036385,68710.19,2026-04-07 17:40:44.819548+0000
995540060,sell,2.818e-05,68710.73,2026-04-07 17:40:44.819548+0000
995540061,sell,0.01455366,68711.25,2026-04-07 17:40:44.831084+0000
995540062,buy,5e-08,68713.8,2026-04-07 17:40:45.073679+0000
995540063,sell,1.7e-05,68713.82,2026-04-07 17:40:45.250996+0000
995540064,sell,0.00194129,68712.01,2026-04-07 17:40:45.603120+0000
995540065,buy,5e-08,68712.0,2026-04-07 17:40:45.647127+0000
995540066,buy,0.00033755,68712.0,2026-04-07 17:40:45.779311+0000
995540067,buy,1.1e-07,68709.0,2026-04-07 17:40:46.096418+0000
995540068,sell,0.00011,68709.01,2026-04-07 17:40:46.122622+0000
995540069,buy,3e-08,68709.0,2026-04-07 17:40:46.132421+0000
995540070,sell,0.00024,68710.85,2026-04-07 17:40:46.412009+0000
995540071,buy,3e-08,68709.42,2026-04-07 17:40:46.602361+0000
995540072,buy,4e-08,68709.42,2026-04-07 17:40:47.252957+0000
995540073,buy,7e-08,68709.42,2026-04-07 17:40:47.734834+0000
995540074,sell,1e-07,68709.43,2026-04-07 17:40:48.082920+0000
995540075,buy,0.000717,68709.42,2026-04-07 17:40:48.177049+0000
995540076,buy,9e-08,68709.42,2026-04-07 17:40:48.228305+0000
995540077,buy,3e-08,68709.42,2026-04-07 17:40:48.664482+0000
995540078,sell,0.02183263,68709.43,2026-04-07 17:40:48.667785+0000
995540079,sell,0.00014164,68709.43,2026-04-07 17:40:48.667785+0000
995540080,sell,0.01944051,68709.43,2026-04-07 17:40:48.667785+0000
995540081,sell,0.000424,68709.43,2026-04-07 17:40:49.112194+0000
995540082,sell,0.011649,68709.43,2026-04-07 17:40:49.143376+0000
995540083,buy,5e-08,68709.42,2026-04-07 17:40:49.155147+0000
995540085,sell,8.936e-05,68709.43,2026-04-07 17:40:49.309077+0000
995540084,sell,0.00014164,68709.43,2026-04-07 17:40:49.309077+0000
995540086,sell,0.004637,68709.43,2026-04-07 17:40:49.403592+0000
995540087,buy,2e-08,68709.9,2026-04-07 17:40:49.599733+0000
995540088,sell,1e-07,68709.91,2026-04-07 17:40:49.752395+0000
995540089,sell,0.000132,68709.91,2026-04-07 17:40:49.780864+0000
995540090,buy,4e-08,68709.9,2026-04-07 17:40:50.035105+0000
995540091,sell,3.616e-05,68709.91,2026-04-07 17:40:50.049303+0000
995540092,sell,0.00138059,68709.91,2026-04-07 17:40:50.329624+0000
995540093,buy,8e-08,68709.9,2026-04-07 17:40:50.450748+0000
995540094,sell,2.9e-07,68709.91,2026-04-07 17:40:50.594240+0000
995540095,buy,8e-08,68709.9,2026-04-07 17:40:50.957993+0000
995540096,sell,0.00036768,68709.91,2026-04-07 17:40:51.121010+0000
995540097,buy,5e-08,68709.9,2026-04-07 17:40:51.434819+0000
995540098,sell,1e-07,68709.91,2026-04-07 17:40:51.446061+0000
995540099,sell,0.000109,68709.91,2026-04-07 17:40:51.583012+0000
995540100,buy,2e-08,68710.13,2026-04-07 17:40:51.994235+0000
995540101,buy,2e-08,68710.13,2026-04-07 17:40:52.449392+0000
995540102,sell,0.00028817,68710.14,2026-04-07 17:40:52.476346+0000
995540103,buy,2e-08,68710.13,2026-04-07 17:40:52.922755+0000
995540104,sell,0.00014408,68710.14,2026-04-07 17:40:52.975308+0000
995540105,sell,1e-07,68710.14,2026-04-07 17:40:53.124087+0000
995540106,buy,9e-08,68710.13,2026-04-07 17:40:53.397480+0000
995540107,buy,3e-08,68710.13,2026-04-07 17:40:53.813540+0000
995540108,buy,3e-08,68710.13,2026-04-07 17:40:54.226677+0000
995540110,buy,2.944e-05,68710.13,2026-04-07 17:40:54.386853+0000
995540109,buy,0.01207155,68710.13,2026-04-07 17:40:54.386853+0000
995540111,sell,0.00139416,68710.14,2026-04-07 17:40:54.401998+0000
995540112,buy,6e-08,68710.13,2026-04-07 17:40:54.655409+0000
995540113,sell,0.00144083,68710.14,2026-04-07 17:40:54.716534+0000
995540114,sell,1e-07,68710.14,2026-04-07 17:40:54.813295+0000
995540115,buy,3e-08,68710.13,2026-04-07 17:40:55.121836+0000
995540116,buy,2e-08,68710.13,2026-04-07 17:40:55.550462+0000
995540117,buy,2e-08,68710.13,2026-04-07 17:40:56.509036+0000
995540118,sell,1e-07,68710.14,2026-04-07 17:40:56.509663+0000
995540125,buy,0.00030568,68710.03,2026-04-07 17:40:56.612167+0000
995540124,buy,0.01221324,68710.13,2026-04-07 17:40:56.612167+0000
995540123,buy,0.00610662,68710.13,2026-04-07 17:40:56.612167+0000
995540121,buy,0.01221324,68710.13,2026-04-07 17:40:56.612167+0000
995540119,buy,0.00607705,68710.13,2026-04-07 17:40:56.612167+0000
995540122,buy,0.00610662,68710.13,2026-04-07 17:40:56.612167+0000
995540120,buy,0.0062481,68710.13,2026-04-07 17:40:56.612167+0000
995540126,buy,1.488e-05,68709.42,2026-04-07 17:40:56.612660+0000
995540127,buy,0.00043662,68709.42,2026-04-07 17:40:56.612660+0000
995540128,buy,0.0144129,68709.42,2026-04-07 17:40:56.612660+0000
995540129,buy,0.01455416,68708.86,2026-04-07 17:40:56.614711+0000
995540130,buy,0.00777716,68707.72,2026-04-07 17:40:56.617125+0000
995540131,buy,0.00194047,68707.72,2026-04-07 17:40:56.617469+0000
995540132,buy,0.00047009,68707.72,2026-04-07 17:40:56.617623+0000
995540133,sell,0.02183284,68707.43,2026-04-07 17:40:56.801182+0000
995540134,sell,0.00398718,68707.72,2026-04-07 17:40:56.801182+0000
995540135,sell,0.01057998,68707.73,2026-04-07 17:40:56.801182+0000
995540145,sell,2.3e-07,68710.28,2026-04-07 17:40:56.801723+0000
995540144,sell,2.3e-07,68710.27,2026-04-07 17:40:56.801723+0000
995540142,sell,2.3e-07,68710.15,2026-04-07 17:40:56.801723+0000
995540141,sell,2.3e-07,68710.13,2026-04-07 17:40:56.801723+0000
995540143,sell,2.3e-07,68710.26,2026-04-07 17:40:56.801723+0000
995540139,sell,0.0727,68709.37,2026-04-07 17:40:56.801723+0000
995540138,sell,0.00072751,68709.36,2026-04-07 17:40:56.801723+0000
995540137,sell,0.01455431,68708.19,2026-04-07 17:40:56.801723+0000
995540136,sell,0.07674643,68707.73,2026-04-07 17:40:56.801723+0000
995540140,sell,0.01018812,68710.13,2026-04-07 17:40:56.801723+0000
995540146,sell,0.000291,68713.6,2026-04-07 17:40:56.894107+0000
995540147,sell,0.000119,68713.6,2026-04-07 17:40:56.926202+0000
995540148,sell,0.00141431,68713.6,2026-04-07 17:40:56.951183+0000
995540149,buy,1.1e-07,68713.59,2026-04-07 17:40:56.958673+0000
995540150,buy,0.00019401,68713.59,2026-04-07 17:40:57.234841+0000
995540151,buy,3e-08,68713.59,2026-04-07 17:40:57.473978+0000
995540152,buy,3e-08,68713.59,2026-04-07 17:40:57.974176+0000
995540153,sell,1e-07,68713.6,2026-04-07 17:40:58.200425+0000
995540154,buy,5e-08,68713.59,2026-04-07 17:40:58.316622+0000
995540155,buy,2e-08,68713.59,2026-04-07 17:40:58.812089+0000
995540156,buy,9e-08,68711.19,2026-04-07 17:40:59.306559+0000
995540157,buy,9e-08,68708.79,2026-04-07 17:40:59.756771+0000
995540158,sell,1e-07,68708.8,2026-04-07 17:40:59.884654+0000
995540159,buy,3e-08,68709.13,2026-04-07 17:41:00.607811+0000
995540160,sell,0.014763,68709.14,2026-04-07 17:41:00.614610+0000
995540161,sell,0.00276094,68711.21,2026-04-07 17:41:00.666933+0000
995540163,sell,2.3e-07,68711.45,2026-04-07 17:41:00.704404+0000
995540162,sell,2.3e-07,68711.44,2026-04-07 17:41:00.704404+0000
995540164,sell,2.3e-07,68711.46,2026-04-07 17:41:00.704404+0000
995540165,sell,0.02183284,68712.93,2026-04-07 17:41:00.747665+0000
995540166,buy,0.00047498,68713.57,2026-04-07 17:41:01.111007+0000
995540167,buy,5e-08,68713.57,2026-04-07 17:41:01.175985+0000
995540169,sell,0.00069258,68713.58,2026-04-07 17:41:01.208935+0000
995540179,sell,0.01331,68715.03,2026-04-07 17:41:01.208935+0000
995540178,sell,0.01455294,68714.64,2026-04-07 17:41:01.208935+0000
995540177,sell,0.02183284,68714.2,2026-04-07 17:41:01.208935+0000
995540176,sell,2.3e-07,68713.82,2026-04-07 17:41:01.208935+0000
995540175,sell,2.3e-07,68713.81,2026-04-07 17:41:01.208935+0000
995540168,sell,0.08731898,68713.58,2026-04-07 17:41:01.208935+0000
995540173,sell,2.3e-07,68713.61,2026-04-07 17:41:01.208935+0000
995540172,sell,0.00043662,68713.6,2026-04-07 17:41:01.208935+0000
995540171,sell,2.3e-07,68713.6,2026-04-07 17:41:01.208935+0000
995540170,sell,2.3e-07,68713.59,2026-04-07 17:41:01.208935+0000
995540174,sell,2.3e-07,68713.8,2026-04-07 17:41:01.208935+0000
995540180,sell,0.01018726,68715.99,2026-04-07 17:41:01.214739+0000
995540181,sell,1.7e-05,68717.16,2026-04-07 17:41:01.308850+0000
995540182,sell,0.08731263,68718.58,2026-04-07 17:41:01.308850+0000
995540183,sell,1.7e-05,68720.5,2026-04-07 17:41:01.446408+0000
995540184,sell,1.69e-05,68723.84,2026-04-07 17:41:01.446408+0000
995540185,sell,0.02886679,68726.0,2026-04-07 17:41:01.446408+0000
995540186,sell,3.321e-05,68726.0,2026-04-07 17:41:01.446644+0000
995540187,sell,2.3e-07,68726.81,2026-04-07 17:41:01.446644+0000
995540188,sell,2.3e-07,68726.82,2026-04-07 17:41:01.446644+0000
995540189,sell,2.3e-07,68726.83,2026-04-07 17:41:01.446644+0000
995540190,sell,1e-07,68727.18,2026-04-07 17:41:01.592295+0000
995540191,buy,8e-08,68727.17,2026-04-07 17:41:01.648850+0000
995540192,sell,1.178e-05,68727.18,2026-04-07 17:41:01.897944+0000
995540193,sell,1.4e-07,68727.18,2026-04-07 17:41:01.918068+0000
995540194,buy,2e-08,68727.17,2026-04-07 17:41:02.252507+0000
995540195,sell,2.9e-07,68727.18,2026-04-07 17:41:02.319784+0000
995540196,buy,0.00033602,68727.17,2026-04-07 17:41:02.477983+0000
995540197,buy,3e-08,68727.17,2026-04-07 17:41:02.674366+0000
995540200,sell,0.00037445,68727.18,2026-04-07 17:41:03.107185+0000
995540201,sell,0.00032554,68727.18,2026-04-07 17:41:03.107185+0000
995540198,sell,4.69e-06,68727.18,2026-04-07 17:41:03.107185+0000
995540199,sell,0.00283113,68727.18,2026-04-07 17:41:03.107185+0000
995540202,buy,2e-08,68727.17,2026-04-07 17:41:03.109463+0000
995540203,sell,1e-07,68727.29,2026-04-07 17:41:03.264214+0000
995540204,sell,0.0494184,68727.29,2026-04-07 17:41:03.273763+0000
995540205,sell,0.03788307,68727.29,2026-04-07 17:41:03.274076+0000
995540206,sell,1.7e-05,68730.52,2026-04-07 17:41:03.295684+0000
995540207,sell,2.3e-07,68730.52,2026-04-07 17:41:03.295684+0000
995540208,sell,2.3e-07,68730.54,2026-04-07 17:41:03.295684+0000
995540209,sell,0.02182727,68731.01,2026-04-07 17:41:03.295684+0000
995540210,sell,1.7e-05,68733.86,2026-04-07 17:41:03.309359+0000
995540212,sell,0.00364415,68734.63,2026-04-07 17:41:03.397615+0000
995540211,sell,0.02182644,68734.07,2026-04-07 17:41:03.397615+0000
995540213,buy,5e-08,68736.35,2026-04-07 17:41:03.622073+0000
995540214,buy,2e-08,68736.35,2026-04-07 17:41:04.006576+0000
995540215,sell,0.0502184,68736.36,2026-04-07 17:41:04.333235+0000
995540216,sell,0.03707164,68736.36,2026-04-07 17:41:04.334240+0000
995540217,buy,3e-08,68737.15,2026-04-07 17:41:04.533481+0000
995540218,sell,1.7e-05,68737.2,2026-04-07 17:41:04.831333+0000
995540219,sell,0.001184,68737.2,2026-04-07 17:41:04.831333+0000
995540220,sell,1e-07,68737.2,2026-04-07 17:41:04.934058+0000
995540221,buy,5e-08,68737.19,2026-04-07 17:41:04.976608+0000
995540222,buy,5e-08,68739.14,2026-04-07 17:41:05.454232+0000
995540223,buy,4e-08,68739.14,2026-04-07 17:41:05.899246+0000
995540225,sell,0.00022877,68739.15,2026-04-07 17:41:06.122731+0000
995540224,sell,2.3e-07,68739.15,2026-04-07 17:41:06.122731+0000
995540226,buy,1.1e-07,68739.14,2026-04-07 17:41:06.172522+0000
995540227,buy,3e-08,68739.14,2026-04-07 17:41:06.358693+0000
995540228,sell,1e-07,68739.15,2026-04-07 17:41:06.640379+0000
995540229,sell,4.793e-05,68739.15,2026-04-07 17:41:06.788582+0000
995540230,sell,0.00016807,68739.15,2026-04-07 17:41:06.788582+0000
995540234,sell,0.01454753,68740.19,2026-04-07 17:41:06.811919+0000
995540235,sell,0.00012355,68740.19,2026-04-07 17:41:06.811919+0000
995540232,sell,2.3e-07,68739.16,2026-04-07 17:41:06.811919+0000
995540233,sell,2.822e-05,68739.16,2026-04-07 17:41:06.811919+0000
995540231,sell,0.00051887,68739.15,2026-04-07 17:41:06.811919+0000
995540236,sell,1.906e-05,68740.19,2026-04-07 17:41:06.812289+0000
995540238,sell,0.01454733,68741.13,2026-04-07 17:41:06.822577+0000
995540237,sell,1.7e-05,68740.54,2026-04-07 17:41:06.822577+0000
995540239,buy,2e-08,68742.81,2026-04-07 17:41:06.831989+0000
995540240,sell,2.3e-07,68742.86,2026-04-07 17:41:06.833452+0000
995540241,sell,2.3e-07,68742.87,2026-04-07 17:41:06.833452+0000
995540242,sell,2.3e-07,68742.88,2026-04-07 17:41:06.833452+0000
995540243,buy,4e-08,68743.87,2026-04-07 17:41:07.309070+0000
995540244,buy,5e-08,68743.87,2026-04-07 17:41:07.779806+0000
995540245,buy,9e-08,68743.87,2026-04-07 17:41:08.197124+0000
995540246,sell,1e-07,68743.88,2026-04-07 17:41:08.350014+0000
995540247,buy,7e-08,68743.87,2026-04-07 17:41:08.626732+0000
995540248,sell,1.69e-05,68743.88,2026-04-07 17:41:08.656506+0000
995540249,sell,0.00016577,68743.88,2026-04-07 17:41:08.656506+0000
995540250,sell,0.05003573,68743.88,2026-04-07 17:41:08.656506+0000
995540251,sell,0.0498184,68743.88,2026-04-07 17:41:08.656900+0000
995540252,sell,0.02,68744.49,2026-04-07 17:41:08.956509+0000
995540253,sell,0.00013927,68744.49,2026-04-07 17:41:08.956509+0000
995540254,sell,0.0145464,68745.53,2026-04-07 17:41:08.956509+0000
995540255,sell,2.817e-05,68745.53,2026-04-07 17:41:08.956509+0000
995540256,sell,1.7e-05,68747.22,2026-04-07 17:41:08.966331+0000
995540257,buy,9e-08,68750.55,2026-04-07 17:41:09.095459+0000
995540258,sell,1.6e-05,68750.56,2026-04-07 17:41:09.146549+0000
995540259,sell,8e-05,68753.0,2026-04-07 17:41:09.338900+0000
995540260,buy,5e-08,68752.99,2026-04-07 17:41:09.658007+0000
995540264,buy,0.00619214,68750.58,2026-04-07 17:41:09.691974+0000
995540261,buy,0.00494194,68752.99,2026-04-07 17:41:09.691974+0000
995540262,buy,0.00036362,68752.99,2026-04-07 17:41:09.691974+0000
995540263,buy,0.01454504,68751.95,2026-04-07 17:41:09.691974+0000
995540265,buy,0.00398923,68750.58,2026-04-07 17:41:09.692162+0000
995540266,buy,0.00017527,68747.21,2026-04-07 17:41:09.702522+0000
995540267,buy,0.001509,68745.85,2026-04-07 17:41:09.773613+0000
995540268,sell,0.0005521,68743.89,2026-04-07 17:41:09.875323+0000
995540269,buy,1.7e-05,68743.88,2026-04-07 17:41:10.170515+0000
995540270,buy,0.00017528,68743.88,2026-04-07 17:41:10.170515+0000
995540271,buy,0.001509,68742.83,2026-04-07 17:41:10.178065+0000
995540272,buy,1.4e-07,68737.6,2026-04-07 17:41:10.193684+0000
995540273,sell,0.000235,68737.86,2026-04-07 17:41:10.374544+0000
995540274,buy,0.00020218,68739.78,2026-04-07 17:41:10.551216+0000
995540275,buy,2e-08,68740.08,2026-04-07 17:41:10.574053+0000
995540276,buy,3e-08,68740.08,2026-04-07 17:41:11.032268+0000
995540277,buy,1.425e-05,68737.75,2026-04-07 17:41:11.586769+0000
995540278,buy,0.0101833,68737.38,2026-04-07 17:41:11.586769+0000
995540279,buy,1.7e-05,68737.2,2026-04-07 17:41:11.588909+0000
995540280,buy,2e-08,68733.86,2026-04-07 17:41:11.595923+0000
995540281,buy,1.698e-05,68733.86,2026-04-07 17:41:11.707964+0000
995540283,buy,0.0296184,68731.56,2026-04-07 17:41:11.754918+0000
995540282,buy,0.00388,68731.56,2026-04-07 17:41:11.754918+0000
995540284,buy,1.7e-05,68730.52,2026-04-07 17:41:11.758842+0000
995540285,buy,0.09143696,68730.53,2026-04-07 17:41:11.762397+0000
995540286,buy,2e-08,68730.55,2026-04-07 17:41:12.062890+0000
995540287,buy,5e-08,68730.55,2026-04-07 17:41:12.543667+0000
995540288,sell,0.00010069,68730.56,2026-04-07 17:41:12.826714+0000
995540289,sell,0.00339295,68730.56,2026-04-07 17:41:12.943661+0000
995540290,sell,0.00158991,68730.56,2026-04-07 17:41:12.943661+0000
995540291,buy,6e-08,68733.69,2026-04-07 17:41:13.019202+0000
995540292,sell,2.9e-07,68732.65,2026-04-07 17:41:13.103756+0000
995540293,sell,2.9e-07,68732.65,2026-04-07 17:41:13.525100+0000
995540294,buy,8e-08,68732.64,2026-04-07 17:41:13.535833+0000
995540295,sell,0.00014402,68732.65,2026-04-07 17:41:13.845191+0000
995540296,buy,4e-08,68732.64,2026-04-07 17:41:13.953609+0000
995540297,sell,0.0007201,68732.65,2026-04-07 17:41:14.024872+0000
995540298,sell,0.01380366,68732.65,2026-04-07 17:41:14.159726+0000
995540299,sell,0.00072014,68731.62,2026-04-07 17:41:14.429671+0000
995540300,buy,3e-08,68731.61,2026-04-07 17:41:14.504147+0000
995540301,sell,0.00053818,68731.62,2026-04-07 17:41:14.550212+0000
995540304,sell,0.00064236,68731.62,2026-04-07 17:41:14.624064+0000
995540302,sell,0.00179091,68731.62,2026-04-07 17:41:14.624064+0000
995540303,sell,0.00039399,68731.62,2026-04-07 17:41:14.624064+0000
995540305,sell,0.00137987,68731.62,2026-04-07 17:41:14.892354+0000
995540306,buy,3e-08,68731.61,2026-04-07 17:41:14.981000+0000
995540323,sell,0.01782309,68741.31,2026-04-07 17:41:15.233356+0000
995540324,sell,0.2909441,68741.73,2026-04-07 17:41:15.233356+0000
995540325,sell,0.026,68742.0,2026-04-07 17:41:15.233356+0000
995540327,sell,0.07725,68743.4,2026-04-07 17:41:15.233356+0000
995540328,sell,1.7e-05,68743.88,2026-04-07 17:41:15.233356+0000
995540329,sell,0.026,68744.0,2026-04-07 17:41:15.233356+0000
995540330,sell,0.001509,68744.69,2026-04-07 17:41:15.233356+0000
995540331,sell,0.1035132,68744.69,2026-04-07 17:41:15.233356+0000
995540332,sell,0.01,68745.0,2026-04-07 17:41:15.233356+0000
995540333,sell,0.026,68746.0,2026-04-07 17:41:15.233356+0000
995540334,sell,1.7e-05,68747.22,2026-04-07 17:41:15.233356+0000
995540322,sell,1.7e-05,68740.54,2026-04-07 17:41:15.233356+0000
995540321,sell,0.026,68740.0,2026-04-07 17:41:15.233356+0000
995540326,sell,0.02183604,68743.27,2026-04-07 17:41:15.233356+0000
995540319,sell,0.29095615,68738.88,2026-04-07 17:41:15.233356+0000
995540318,sell,0.026,68738.0,2026-04-07 17:41:15.233356+0000
995540317,sell,0.02182523,68737.86,2026-04-07 17:41:15.233356+0000
995540316,sell,0.29096072,68737.81,2026-04-07 17:41:15.233356+0000
995540315,sell,0.01273067,68737.28,2026-04-07 17:41:15.233356+0000
995540314,sell,0.026,68736.0,2026-04-07 17:41:15.233356+0000
995540313,sell,0.00072751,68735.99,2026-04-07 17:41:15.233356+0000
995540312,sell,0.08729277,68734.21,2026-04-07 17:41:15.233356+0000
995540311,sell,0.01018454,68734.03,2026-04-07 17:41:15.233356+0000
995540310,sell,2.817e-05,68732.66,2026-04-07 17:41:15.233356+0000
995540309,sell,0.01454912,68732.66,2026-04-07 17:41:15.233356+0000
995540308,sell,0.000197,68731.62,2026-04-07 17:41:15.233356+0000
995540307,sell,0.00155273,68731.62,2026-04-07 17:41:15.233356+0000
995540320,sell,0.00029098,68739.93,2026-04-07 17:41:15.233356+0000
995540335,sell,0.02182523,68737.86,2026-04-07 17:41:15.240091+0000
995540336,sell,1.7e-05,68740.54,2026-04-07 17:41:15.240091+0000
995540337,sell,0.00145473,68747.84,2026-04-07 17:41:15.241209+0000
995540338,sell,0.02183604,68748.8,2026-04-07 17:41:15.241209+0000
995540339,sell,0.02546047,68748.81,2026-04-07 17:41:15.241209+0000
995540340,sell,0.01,68750.0,2026-04-07 17:41:15.241209+0000
995540341,sell,0.02183604,68748.96,2026-04-07 17:41:15.254357+0000
995540342,sell,1.6e-05,68750.56,2026-04-07 17:41:15.254357+0000
995540343,buy,0.02847,68750.88,2026-04-07 17:41:15.314629+0000
995540344,buy,0.02847,68750.88,2026-04-07 17:41:15.314629+0000
995540345,buy,0.00294454,68750.88,2026-04-07 17:41:15.314629+0000
995540346,buy,0.00071,68750.88,2026-04-07 17:41:15.331082+0000
995540347,buy,0.00071,68750.88,2026-04-07 17:41:15.331350+0000
995540350,sell,0.00835218,68750.89,2026-04-07 17:41:15.332318+0000
995540349,sell,0.04051155,68750.89,2026-04-07 17:41:15.332318+0000
995540348,sell,0.00145467,68750.89,2026-04-07 17:41:15.332318+0000
995540355,sell,0.00073568,68751.26,2026-04-07 17:41:15.332358+0000
995540354,sell,0.02183604,68751.25,2026-04-07 17:41:15.332358+0000
995540351,sell,0.01347305,68750.89,2026-04-07 17:41:15.332358+0000
995540352,sell,0.01331,68750.89,2026-04-07 17:41:15.332358+0000
995540353,sell,0.00036363,68750.89,2026-04-07 17:41:15.332358+0000
995540356,buy,3e-08,68753.68,2026-04-07 17:41:15.562651+0000
995540357,buy,6e-08,68753.68,2026-04-07 17:41:16.014053+0000
995540358,buy,0.16052569,68753.68,2026-04-07 17:41:16.258522+0000
995540359,buy,0.00193253,68753.68,2026-04-07 17:41:16.261101+0000
995540360,buy,0.00165578,68753.68,2026-04-07 17:41:16.263789+0000
995540361,buy,0.00114405,68753.68,2026-04-07 17:41:16.265146+0000
995540362,buy,0.01509568,68753.68,2026-04-07 17:41:16.285394+0000
995540363,buy,0.02525958,68753.68,2026-04-07 17:41:16.304016+0000
995540364,buy,0.00150316,68753.68,2026-04-07 17:41:16.308311+0000
995540365,buy,0.00335697,68753.68,2026-04-07 17:41:16.313120+0000
995540366,buy,0.0051656,68753.68,2026-04-07 17:41:16.320225+0000
995540367,buy,0.00249806,68753.68,2026-04-07 17:41:16.324354+0000
995540368,buy,0.00254509,68753.68,2026-04-07 17:41:16.326676+0000
995540369,buy,0.00214561,68753.68,2026-04-07 17:41:16.329945+0000
995540370,buy,0.01170786,68753.68,2026-04-07 17:41:16.346234+0000
995540371,buy,0.00263376,68753.68,2026-04-07 17:41:16.349647+0000
995540372,buy,0.10040017,68753.68,2026-04-07 17:41:16.350114+0000
995540373,buy,0.00208889,68753.68,2026-04-07 17:41:16.352257+0000
995540374,buy,0.30798073,68753.68,2026-04-07 17:41:16.355922+0000
995540375,buy,0.02293134,68753.68,2026-04-07 17:41:16.359060+0000
995540376,buy,0.0175,68753.68,2026-04-07 17:41:16.359531+0000
995540377,buy,0.12,68753.68,2026-04-07 17:41:16.359868+0000
995540378,buy,0.07607166,68753.68,2026-04-07 17:41:16.360291+0000
995540382,buy,0.00613061,68753.68,2026-04-07 17:41:16.362348+0000
995540379,buy,0.0158577,68753.68,2026-04-07 17:41:16.362348+0000
995540380,buy,0.0210311,68753.68,2026-04-07 17:41:16.362348+0000
995540381,buy,0.00613061,68753.68,2026-04-07 17:41:16.362348+0000
995540383,buy,0.01018127,68751.27,2026-04-07 17:41:16.366609+0000
995540384,buy,0.001508,68750.88,2026-04-07 17:41:16.366609+0000
995540385,buy,2e-08,68743.93,2026-04-07 17:41:16.403897+0000
995540386,buy,1.7e-05,68743.88,2026-04-07 17:41:16.483345+0000
995540387,buy,0.001508,68743.88,2026-04-07 17:41:16.483345+0000
995540388,sell,0.00155,68740.01,2026-04-07 17:41:16.517857+0000
995540389,sell,2.9e-07,68740.01,2026-04-07 17:41:16.882048+0000
995540390,buy,3e-08,68740.0,2026-04-07 17:41:16.923217+0000
995540391,sell,8.177e-05,68740.01,2026-04-07 17:41:17.139010+0000
995540392,sell,0.00373,68740.01,2026-04-07 17:41:17.146993+0000
995540393,buy,1.1e-07,68740.0,2026-04-07 17:41:17.218044+0000
995540394,buy,5e-08,68740.0,2026-04-07 17:41:17.327365+0000
995540395,buy,1.1e-07,68740.0,2026-04-07 17:41:17.824140+0000
995540396,buy,9e-08,68740.0,2026-04-07 17:41:18.291562+0000
995540397,sell,1e-07,68740.01,2026-04-07 17:41:18.357712+0000
995540398,buy,2e-08,68740.0,2026-04-07 17:41:18.770902+0000
995540399,buy,2e-08,68740.0,2026-04-07 17:41:19.212050+0000
995540400,buy,1.1e-07,68740.0,2026-04-07 17:41:19.645235+0000
995540402,buy,0.00043634,68740.0,2026-04-07 17:41:19.817936+0000
995540401,buy,5.586e-05,68740.0,2026-04-07 17:41:19.817936+0000
995540403,buy,2e-08,68734.44,2026-04-07 17:41:20.102640+0000
995540404,sell,7.072e-05,68734.45,2026-04-07 17:41:20.117542+0000
995540405,sell,0.00039449,68734.45,2026-04-07 17:41:20.294106+0000
995540406,sell,0.01126509,68734.45,2026-04-07 17:41:20.294106+0000
995540407,sell,0.000128,68737.89,2026-04-07 17:41:20.332413+0000
995540408,buy,5e-08,68738.06,2026-04-07 17:41:20.565625+0000
995540409,buy,9e-08,68738.06,2026-04-07 17:41:21.057994+0000
995540410,sell,0.00084828,68738.07,2026-04-07 17:41:21.363647+0000
995540411,buy,2e-08,68738.06,2026-04-07 17:41:21.500950+0000
995540412,sell,1e-07,68738.07,2026-04-07 17:41:21.670010+0000
995540413,buy,2e-08,68738.06,2026-04-07 17:41:22.036481+0000
995540414,buy,4e-08,68738.06,2026-04-07 17:41:22.497752+0000
995540415,buy,1e-07,68735.69,2026-04-07 17:41:23.033609+0000
995540416,sell,0.00288081,68735.7,2026-04-07 17:41:23.066993+0000
995540417,sell,0.000491,68735.7,2026-04-07 17:41:23.080519+0000
995540418,sell,1e-07,68736.97,2026-04-07 17:41:23.395136+0000
995540419,buy,2e-08,68737.02,2026-04-07 17:41:23.482070+0000
995540420,sell,0.000159,68737.24,2026-04-07 17:41:23.522757+0000
995540421,buy,3e-08,68738.06,2026-04-07 17:41:23.951138+0000
995540422,buy,3e-08,68735.69,2026-04-07 17:41:24.330158+0000
995540423,buy,5e-08,68735.69,2026-04-07 17:41:24.851294+0000
995540424,sell,0.04241697,68735.7,2026-04-07 17:41:24.955208+0000
995540425,buy,3.498e-05,68735.69,2026-04-07 17:41:25.006092+0000
995540426,buy,9.64e-06,68735.69,2026-04-07 17:41:25.006092+0000
995540427,sell,1e-07,68735.7,2026-04-07 17:41:25.054852+0000
995540428,buy,2e-08,68735.69,2026-04-07 17:41:25.297189+0000
995540429,buy,1.1e-07,68735.69,2026-04-07 17:41:25.324561+0000
995540430,buy,6e-08,68736.69,2026-04-07 17:41:25.732332+0000
995540434,buy,0.00241906,68735.69,2026-04-07 17:41:25.765158+0000
995540433,buy,0.0287,68736.0,2026-04-07 17:41:25.765158+0000
995540431,buy,0.01749994,68736.69,2026-04-07 17:41:25.765158+0000
995540432,buy,0.0303184,68736.69,2026-04-07 17:41:25.765158+0000
995540435,buy,0.00109875,68736.69,2026-04-07 17:41:26.017570+0000
995540436,sell,0.00042416,68736.7,2026-04-07 17:41:26.102097+0000
995540437,sell,0.00043208,68736.7,2026-04-07 17:41:26.184386+0000
995540438,buy,8e-08,68736.69,2026-04-07 17:41:26.221052+0000
995540439,buy,0.00261272,68736.69,2026-04-07 17:41:26.233194+0000
995540440,buy,0.00613061,68736.69,2026-04-07 17:41:26.233194+0000
995540441,buy,0.00613061,68736.69,2026-04-07 17:41:26.233194+0000
995540442,sell,0.00137959,68731.09,2026-04-07 17:41:26.346973+0000
995540443,sell,3.601e-05,68730.53,2026-04-07 17:41:26.502648+0000
995540444,buy,7e-08,68730.52,2026-04-07 17:41:26.699634+0000
995540445,sell,1e-07,68730.53,2026-04-07 17:41:26.734254+0000
995540446,buy,1.693e-05,68730.52,2026-04-07 17:41:27.028170+0000
995540447,buy,0.00027695,68730.52,2026-04-07 17:41:27.028170+0000
995540448,sell,0.0014138,68730.53,2026-04-07 17:41:27.050470+0000
995540449,buy,7e-08,68730.52,2026-04-07 17:41:27.149719+0000
995540450,buy,4e-08,68730.52,2026-04-07 17:41:27.552565+0000
995540451,sell,0.00028806,68730.53,2026-04-07 17:41:27.716368+0000
995540452,sell,0.00216035,68730.53,2026-04-07 17:41:27.995017+0000
995540453,buy,6e-08,68730.52,2026-04-07 17:41:28.040481+0000
995540454,buy,2e-08,68730.52,2026-04-07 17:41:28.442766+0000
995540455,sell,0.00028272,68730.53,2026-04-07 17:41:28.606259+0000
995540456,buy,4e-08,68730.52,2026-04-07 17:41:28.933649+0000
995540457,sell,0.00027594,68730.53,2026-04-07 17:41:28.935907+0000
995540458,sell,0.00028272,68730.53,2026-04-07 17:41:28.954930+0000
995540459,sell,0.00014403,68730.53,2026-04-07 17:41:29.137741+0000
995540460,buy,0.00046921,68730.52,2026-04-07 17:41:29.155786+0000
995540461,buy,2e-08,68730.52,2026-04-07 17:41:29.339909+0000
995540462,sell,7.201e-05,68730.53,2026-04-07 17:41:29.484074+0000
995540463,sell,4.321e-05,68730.53,2026-04-07 17:41:29.514138+0000
995540464,buy,0.00058654,68730.52,2026-04-07 17:41:29.598171+0000
995540465,buy,7e-08,68730.52,2026-04-07 17:41:29.802251+0000
995540466,sell,0.00072012,68730.53,2026-04-07 17:41:29.940586+0000
995540467,sell,0.00014403,68730.53,2026-04-07 17:41:29.990208+0000
995540468,buy,0.00479759,68730.52,2026-04-07 17:41:30.075907+0000
995540469,buy,3.506e-05,68730.52,2026-04-07 17:41:30.075907+0000
995540470,buy,0.00613061,68730.52,2026-04-07 17:41:30.075907+0000
995540471,buy,0.0145498,68729.48,2026-04-07 17:41:30.075907+0000
995540472,buy,0.001508,68727.44,2026-04-07 17:41:30.075907+0000
995540473,buy,1.7e-05,68727.18,2026-04-07 17:41:30.075907+0000
995540479,buy,0.00266416,68720.92,2026-04-07 17:41:30.076443+0000
995540477,buy,0.00030401,68723.26,2026-04-07 17:41:30.076443+0000
995540478,buy,0.01782308,68721.33,2026-04-07 17:41:30.076443+0000
995540475,buy,0.01273087,68724.86,2026-04-07 17:41:30.076443+0000
995540474,buy,0.01,68725.0,2026-04-07 17:41:30.076443+0000
995540476,buy,1.7e-05,68723.84,2026-04-07 17:41:30.076443+0000
995540480,buy,0.00121584,68720.92,2026-04-07 17:41:30.077027+0000
995540481,buy,0.04365503,68720.59,2026-04-07 17:41:30.077027+0000
995540482,buy,1.7e-05,68720.5,2026-04-07 17:41:30.077027+0000
995540483,buy,0.01,68720.0,2026-04-07 17:41:30.077027+0000
995540484,buy,0.01682617,68719.28,2026-04-07 17:41:30.077283+0000
995540493,buy,0.29105468,68715.6,2026-04-07 17:41:30.077297+0000
995540492,buy,0.02263496,68715.72,2026-04-07 17:41:30.077297+0000
995540491,buy,0.02546175,68715.84,2026-04-07 17:41:30.077297+0000
995540490,buy,0.01822146,68715.9,2026-04-07 17:41:30.077297+0000
995540488,buy,0.1312,68716.76,2026-04-07 17:41:30.077297+0000
995540487,buy,1.7e-05,68717.16,2026-04-07 17:41:30.077297+0000
995540485,buy,0.08668703,68719.28,2026-04-07 17:41:30.077297+0000
995540489,buy,0.14552497,68716.72,2026-04-07 17:41:30.077297+0000
995540486,buy,0.02182732,68718.76,2026-04-07 17:41:30.077297+0000
995540494,sell,6.841e-05,68721.05,2026-04-07 17:41:30.186221+0000
995540495,buy,2e-08,68721.04,2026-04-07 17:41:30.216265+0000
995540496,sell,0.00070689,68721.05,2026-04-07 17:41:30.222596+0000
995540497,sell,0.001259,68721.05,2026-04-07 17:41:30.353936+0000
995540498,sell,0.00046651,68721.05,2026-04-07 17:41:30.380352+0000
995540499,buy,2e-08,68721.04,2026-04-07 17:41:30.644177+0000
995540500,sell,0.00021606,68721.05,2026-04-07 17:41:30.692405+0000
995540501,sell,0.00036007,68721.05,2026-04-07 17:41:30.945414+0000
995540504,sell,0.01293961,68721.05,2026-04-07 17:41:31.086371+0000
995540502,sell,0.00800229,68721.05,2026-04-07 17:41:31.086371+0000
995540503,sell,0.00066259,68721.05,2026-04-07 17:41:31.086371+0000
995540505,buy,4e-08,68721.04,2026-04-07 17:41:31.202047+0000
995540506,sell,7.201e-05,68721.05,2026-04-07 17:41:31.686883+0000
995540507,sell,0.00070688,68721.05,2026-04-07 17:41:31.697473+0000
995540508,buy,4e-08,68721.04,2026-04-07 17:41:31.740927+0000
995540509,buy,0.00736309,68721.04,2026-04-07 17:41:31.855858+0000
995540510,sell,6.841e-05,68721.05,2026-04-07 17:41:31.878777+0000
995540511,sell,0.00050013,68721.05,2026-04-07 17:41:32.056899+0000
995540512,buy,5e-08,68721.04,2026-04-07 17:41:32.132661+0000
995540513,sell,1e-07,68721.05,2026-04-07 17:41:32.205299+0000
995540514,buy,0.00404283,68721.04,2026-04-07 17:41:32.338833+0000
995540515,buy,1.1e-07,68721.04,2026-04-07 17:41:32.595194+0000
995540516,buy,5e-08,68721.04,2026-04-07 17:41:33.038335+0000
995540517,buy,4e-08,68721.04,2026-04-07 17:41:33.514566+0000
995540518,buy,7e-08,68721.04,2026-04-07 17:41:33.941327+0000
995540519,sell,1e-07,68721.05,2026-04-07 17:41:34.027822+0000
995540520,buy,3.38e-06,68721.04,2026-04-07 17:41:34.417479+0000
995540521,buy,2e-08,68721.04,2026-04-07 17:41:34.442235+0000
995540522,buy,4e-08,68721.04,2026-04-07 17:41:34.836906+0000
995540523,buy,1.1e-07,68721.04,2026-04-07 17:41:34.848634+0000
995540525,sell,0.00038771,68721.05,2026-04-07 17:41:35.026188+0000
995540526,sell,0.00043634,68721.05,2026-04-07 17:41:35.026188+0000
995540527,sell,0.08730902,68721.42,2026-04-07 17:41:35.026188+0000
995540528,sell,0.02182923,68721.51,2026-04-07 17:41:35.026188+0000
995540529,sell,0.00016912,68721.51,2026-04-07 17:41:35.026188+0000
995540524,sell,0.00476612,68721.05,2026-04-07 17:41:35.026188+0000
995540530,buy,2e-08,68722.78,2026-04-07 17:41:35.339575+0000
995540531,sell,0.00455414,68722.79,2026-04-07 17:41:35.641651+0000
995540532,sell,1e-07,68722.79,2026-04-07 17:41:35.755438+0000
995540533,sell,2.681e-05,68722.79,2026-04-07 17:41:35.863586+0000
995540534,buy,4e-08,68722.78,2026-04-07 17:41:35.902628+0000
995540535,sell,0.00492804,68722.79,2026-04-07 17:41:35.949696+0000
995540536,buy,2e-08,68722.78,2026-04-07 17:41:36.340086+0000
995540537,buy,4e-08,68722.78,2026-04-07 17:41:36.751561+0000
995540538,sell,0.00017907,68722.79,2026-04-07 17:41:36.833720+0000
995540539,buy,5e-08,68722.78,2026-04-07 17:41:37.264684+0000
995540540,sell,1e-07,68722.79,2026-04-07 17:41:37.443403+0000
995540541,buy,7e-08,68722.78,2026-04-07 17:41:37.675043+0000
995540542,buy,0.00581903,68722.78,2026-04-07 17:41:38.038177+0000
995540543,buy,0.0029397,68722.78,2026-04-07 17:41:38.305987+0000
995540544,buy,6e-08,68722.78,2026-04-07 17:41:38.417667+0000
995540545,buy,3e-08,68722.78,2026-04-07 17:41:38.786619+0000
995540546,buy,0.01163741,68722.78,2026-04-07 17:41:39.202502+0000
995540547,buy,5e-08,68722.78,2026-04-07 17:41:39.295277+0000
995540548,buy,9e-08,68722.78,2026-04-07 17:41:39.709477+0000
995540549,buy,8e-08,68722.78,2026-04-07 17:41:40.138315+0000
995540550,buy,3e-08,68722.78,2026-04-07 17:41:40.583657+0000
995540551,sell,0.00015571,68722.79,2026-04-07 17:41:40.891486+0000
995540552,sell,0.05006269,68722.79,2026-04-07 17:41:40.891486+0000
995540556,sell,0.00034685,68722.87,2026-04-07 17:41:40.892010+0000
995540554,sell,0.00355657,68722.79,2026-04-07 17:41:40.892010+0000
995540555,sell,0.00072751,68722.79,2026-04-07 17:41:40.892010+0000
995540553,sell,0.03724459,68722.79,2026-04-07 17:41:40.892010+0000
995540557,buy,4e-08,68726.01,2026-04-07 17:41:41.042923+0000
995540558,buy,4e-08,68723.6,2026-04-07 17:41:41.524156+0000
995540559,buy,8e-08,68722.78,2026-04-07 17:41:42.048138+0000
995540560,buy,4e-08,68722.78,2026-04-07 17:41:42.507908+0000
995540561,buy,3e-08,68722.78,2026-04-07 17:41:42.895112+0000
995540564,buy,0.00060793,68722.78,2026-04-07 17:41:43.051066+0000
995540563,buy,0.00029102,68722.78,2026-04-07 17:41:43.051066+0000
995540562,buy,0.00043639,68722.78,2026-04-07 17:41:43.051066+0000
995540565,buy,7e-08,68722.78,2026-04-07 17:41:43.383648+0000
995540566,sell,0.0498184,68722.79,2026-04-07 17:41:43.459981+0000
995540567,sell,0.03748888,68722.79,2026-04-07 17:41:43.459989+0000
995540568,sell,0.00053393,68722.79,2026-04-07 17:41:43.459989+0000
995540569,sell,0.00237106,68722.79,2026-04-07 17:41:43.459989+0000
995540570,sell,2.3e-07,68722.79,2026-04-07 17:41:43.459989+0000
995540571,sell,2.3e-07,68722.8,2026-04-07 17:41:43.459989+0000
995540572,sell,5.635e-05,68722.8,2026-04-07 17:41:43.459989+0000
995540573,sell,0.00976772,68723.83,2026-04-07 17:41:43.459989+0000
995540577,sell,2.3e-07,68723.96,2026-04-07 17:41:43.471015+0000
995540575,sell,2.3e-07,68723.94,2026-04-07 17:41:43.471015+0000
995540576,sell,2.3e-07,68723.95,2026-04-07 17:41:43.471015+0000
995540574,sell,2.818e-05,68723.83,2026-04-07 17:41:43.471015+0000
995540578,buy,7e-08,68727.25,2026-04-07 17:41:43.829094+0000
995540579,buy,0.00036374,68730.39,2026-04-07 17:41:43.938626+0000
995540580,sell,1e-07,68724.98,2026-04-07 17:41:44.134361+0000
995540581,buy,2e-08,68724.98,2026-04-07 17:41:44.242255+0000
995540582,buy,1.1e-07,68724.98,2026-04-07 17:41:44.358200+0000
995540583,sell,0.01414099,68724.99,2026-04-07 17:41:44.467478+0000
995540584,sell,0.00288114,68724.99,2026-04-07 17:41:44.487420+0000
995540585,buy,3e-08,68724.02,2026-04-07 17:41:44.638670+0000
995540586,buy,2e-08,68721.61,2026-04-07 17:41:45.090235+0000
995540587,buy,2e-08,68721.04,2026-04-07 17:41:45.536542+0000
995540588,sell,1e-07,68721.05,2026-04-07 17:41:45.800109+0000
995540589,buy,4e-08,68721.04,2026-04-07 17:41:45.953704+0000
995540590,sell,7.045e-05,68721.05,2026-04-07 17:41:46.083059+0000
995540591,buy,3e-08,68721.04,2026-04-07 17:41:46.423190+0000
995540592,sell,0.0001,68721.05,2026-04-07 17:41:46.827163+0000
995540593,buy,3e-08,68721.04,2026-04-07 17:41:46.836953+0000
995540594,buy,5e-08,68721.61,2026-04-07 17:41:47.295782+0000
995540595,sell,0.000133,68721.62,2026-04-07 17:41:47.299066+0000
995540596,sell,1e-07,68721.62,2026-04-07 17:41:47.475087+0000
995540597,sell,0.0500184,68721.62,2026-04-07 17:41:47.613747+0000
995540598,sell,0.03715726,68721.62,2026-04-07 17:41:47.613934+0000
995540599,sell,2.823e-05,68721.62,2026-04-07 17:41:47.613934+0000
995540600,sell,0.00045654,68722.66,2026-04-07 17:41:47.632193+0000
995540601,sell,0.04956186,68722.67,2026-04-07 17:41:47.632193+0000
995540602,buy,2e-08,68722.78,2026-04-07 17:41:47.796817+0000
995540603,buy,0.00145515,68722.78,2026-04-07 17:41:48.202974+0000
995540604,buy,4e-08,68722.78,2026-04-07 17:41:48.287196+0000
995540605,buy,0.00146963,68722.78,2026-04-07 17:41:48.557008+0000
995540606,buy,3e-08,68722.78,2026-04-07 17:41:48.708176+0000
995540607,sell,1e-07,68722.79,2026-04-07 17:41:49.125914+0000
995540608,buy,6e-08,68722.78,2026-04-07 17:41:49.126731+0000
995540609,sell,0.000335,68722.79,2026-04-07 17:41:49.291233+0000
995540610,buy,2e-08,68722.78,2026-04-07 17:41:49.554241+0000
995540611,sell,0.00010144,68722.79,2026-04-07 17:41:49.799360+0000
995540612,sell,7.456e-05,68722.79,2026-04-07 17:41:49.799360+0000
995540613,sell,0.00363231,68722.79,2026-04-07 17:41:49.963556+0000
995540614,buy,3e-08,68722.78,2026-04-07 17:41:49.987379+0000
995540615,sell,9.7e-05,68722.79,2026-04-07 17:41:50.294989+0000
995540621,sell,0.03370325,68725.05,2026-04-07 17:41:50.421415+0000
995540620,sell,2.823e-05,68723.83,2026-04-07 17:41:50.421415+0000
995540619,sell,0.01455099,68723.83,2026-04-07 17:41:50.421415+0000
995540617,sell,0.00158072,68722.79,2026-04-07 17:41:50.421415+0000
995540616,sell,0.00027062,68722.79,2026-04-07 17:41:50.421415+0000
995540618,sell,8.459e-05,68722.9,2026-04-07 17:41:50.421415+0000
995540622,sell,0.0498184,68725.05,2026-04-07 17:41:50.421652+0000
995540623,buy,4e-08,68726.69,2026-04-07 17:41:50.472965+0000
995540624,buy,0.15047706,68726.7,2026-04-07 17:41:50.777445+0000
995540625,buy,0.00131618,68726.7,2026-04-07 17:41:50.781332+0000
995540626,buy,0.00603916,68726.7,2026-04-07 17:41:50.790732+0000
995540627,buy,0.00127566,68726.7,2026-04-07 17:41:50.790848+0000
995540628,buy,0.0113652,68726.7,2026-04-07 17:41:50.799500+0000
995540629,sell,1e-07,68726.71,2026-04-07 17:41:50.803442+0000
995540630,buy,0.00460991,68726.7,2026-04-07 17:41:50.805171+0000
995540631,buy,0.00699605,68726.7,2026-04-07 17:41:50.814809+0000
995540632,buy,0.00249984,68726.7,2026-04-07 17:41:50.818220+0000
995540633,buy,0.00418675,68726.7,2026-04-07 17:41:50.823774+0000
995540634,buy,0.00221979,68726.7,2026-04-07 17:41:50.828188+0000
995540635,buy,0.00343064,68726.7,2026-04-07 17:41:50.831854+0000
995540636,buy,0.00576658,68726.7,2026-04-07 17:41:50.836597+0000
995540637,buy,0.0023789,68726.7,2026-04-07 17:41:50.840127+0000
995540638,buy,0.0023694,68726.7,2026-04-07 17:41:50.843142+0000
995540639,buy,0.01480413,68726.7,2026-04-07 17:41:50.850599+0000
995540640,buy,0.00255536,68726.7,2026-04-07 17:41:50.855987+0000
995540641,buy,2e-08,68726.7,2026-04-07 17:41:50.860583+0000
995540642,buy,0.0046366,68726.7,2026-04-07 17:41:50.881033+0000
995540643,buy,0.00092983,68726.7,2026-04-07 17:41:50.883163+0000
995540644,buy,0.01105025,68726.7,2026-04-07 17:41:50.897782+0000
995540645,buy,0.00610554,68726.7,2026-04-07 17:41:50.906612+0000
995540646,buy,0.00276486,68726.7,2026-04-07 17:41:50.910345+0000
995540647,buy,0.00203184,68726.7,2026-04-07 17:41:50.912620+0000
995540648,buy,0.01961865,68726.7,2026-04-07 17:41:50.939749+0000
995540649,buy,0.00300036,68726.7,2026-04-07 17:41:50.943751+0000
995540650,buy,0.00204266,68726.7,2026-04-07 17:41:50.947269+0000
995540651,buy,0.00510872,68726.7,2026-04-07 17:41:50.953320+0000
995540652,buy,0.00226094,68726.7,2026-04-07 17:41:50.956459+0000
995540653,buy,4e-08,68726.7,2026-04-07 17:41:51.297522+0000
995540654,buy,2e-08,68726.7,2026-04-07 17:41:51.721825+0000
995540655,buy,0.05878691,68726.7,2026-04-07 17:41:52.233785+0000
995540656,buy,9e-08,68726.7,2026-04-07 17:41:52.267103+0000
995540657,buy,0.14779502,68726.7,2026-04-07 17:41:52.342154+0000
995540658,sell,1e-07,68726.71,2026-04-07 17:41:52.500578+0000
995540659,buy,3e-08,68726.7,2026-04-07 17:41:52.721364+0000
995540660,buy,5e-08,68726.7,2026-04-07 17:41:53.120139+0000
995540661,buy,1.2e-07,68726.7,2026-04-07 17:41:53.578630+0000
995540662,buy,3e-08,68726.7,2026-04-07 17:41:54.017036+0000
995540663,sell,0.000512,68726.71,2026-04-07 17:41:54.293818+0000
995540664,buy,6e-08,68726.7,2026-04-07 17:41:54.451280+0000
995540669,sell,2.824e-05,68726.79,2026-04-07 17:41:54.539037+0000
995540668,sell,0.0873022,68726.79,2026-04-07 17:41:54.539037+0000
995540667,sell,0.00072745,68726.78,2026-04-07 17:41:54.539037+0000
995540665,sell,0.00030259,68726.71,2026-04-07 17:41:54.539037+0000
995540666,sell,0.00030441,68726.71,2026-04-07 17:41:54.539037+0000
995540670,sell,0.0003553,68727.75,2026-04-07 17:41:54.540715+0000
995540671,sell,0.01419486,68727.75,2026-04-07 17:41:54.541192+0000
995540672,sell,0.00014093,68727.75,2026-04-07 17:41:54.541192+0000
995540673,sell,0.02182678,68729.02,2026-04-07 17:41:54.541192+0000
995540674,sell,0.01018526,68729.12,2026-04-07 17:41:54.541192+0000
995540681,sell,0.16806855,68731.69,2026-04-07 17:41:54.543311+0000
995540680,sell,0.00368531,68731.6,2026-04-07 17:41:54.543311+0000
995540679,sell,0.29098959,68730.98,2026-04-07 17:41:54.543311+0000
995540676,sell,2.3e-07,68729.47,2026-04-07 17:41:54.543311+0000
995540677,sell,2.3e-07,68729.48,2026-04-07 17:41:54.543311+0000
995540678,sell,1.7e-05,68730.52,2026-04-07 17:41:54.543311+0000
995540675,sell,2.3e-07,68729.46,2026-04-07 17:41:54.543311+0000
995540683,sell,2.3e-07,68731.99,2026-04-07 17:41:54.550067+0000
995540682,sell,2.3e-07,68731.98,2026-04-07 17:41:54.550067+0000
995540684,sell,2.3e-07,68732.0,2026-04-07 17:41:54.550067+0000
995540685,sell,0.05239123,68732.57,2026-04-07 17:41:54.550473+0000
995540686,sell,2.3e-07,68733.29,2026-04-07 17:41:54.550473+0000
995540687,sell,2.3e-07,68733.3,2026-04-07 17:41:54.550473+0000
995540688,sell,2.3e-07,68733.31,2026-04-07 17:41:54.550473+0000
995540689,sell,1.7e-05,68733.86,2026-04-07 17:41:54.550823+0000
995540690,sell,0.00029105,68734.36,2026-04-07 17:41:54.550823+0000
995540692,sell,2.3e-07,68734.57,2026-04-07 17:41:54.550823+0000
995540693,sell,2.3e-07,68734.58,2026-04-07 17:41:54.550823+0000
995540694,sell,0.001508,68734.68,2026-04-07 17:41:54.550823+0000
995540695,sell,0.25152886,68734.97,2026-04-07 17:41:54.550823+0000
995540691,sell,2.3e-07,68734.56,2026-04-07 17:41:54.550823+0000
995540696,sell,0.03944386,68734.97,2026-04-07 17:41:54.550908+0000
995540697,sell,0.00029257,68734.18,2026-04-07 17:41:54.551502+0000
995540698,sell,1.7e-05,68737.2,2026-04-07 17:41:54.590404+0000
995540699,buy,5e-08,68738.02,2026-04-07 17:41:54.878951+0000
995540700,buy,4e-08,68738.85,2026-04-07 17:41:55.272524+0000
995540701,sell,4.328e-05,68739.07,2026-04-07 17:41:55.684001+0000
995540702,buy,2e-08,68739.06,2026-04-07 17:41:55.753890+0000
995540703,sell,0.00049,68739.07,2026-04-07 17:41:55.838669+0000
995540704,sell,1e-07,68739.07,2026-04-07 17:41:55.919542+0000
995540705,buy,8e-08,68739.06,2026-04-07 17:41:56.190587+0000
995540706,buy,7e-08,68739.06,2026-04-07 17:41:56.673963+0000
995540707,sell,8.7e-05,68739.07,2026-04-07 17:41:57.001662+0000
995540708,buy,8e-08,68739.06,2026-04-07 17:41:57.095821+0000
995540709,buy,4e-08,68739.06,2026-04-07 17:41:57.531164+0000
995540710,sell,1e-07,68739.07,2026-04-07 17:41:57.553283+0000
995540711,buy,0.00052516,68739.06,2026-04-07 17:41:57.842198+0000
995540712,buy,3e-08,68739.06,2026-04-07 17:41:57.964231+0000
995540713,buy,0.00011987,68739.06,2026-04-07 17:41:58.028536+0000
995540714,buy,2e-08,68739.06,2026-04-07 17:41:58.368549+0000
995540715,buy,6e-08,68739.06,2026-04-07 17:41:58.826616+0000
995540716,buy,2e-08,68739.06,2026-04-07 17:41:59.269938+0000
995540717,sell,1e-07,68739.07,2026-04-07 17:41:59.275542+0000
995540718,buy,5e-08,68739.06,2026-04-07 17:41:59.669233+0000
995540719,sell,0.000293,68739.07,2026-04-07 17:41:59.772627+0000
995540721,sell,0.00209185,68739.07,2026-04-07 17:41:59.805544+0000
995540720,sell,1.5e-07,68739.07,2026-04-07 17:41:59.805544+0000
995540722,sell,0.001769,68739.07,2026-04-07 17:41:59.835528+0000
995540723,sell,0.000134,68739.07,2026-04-07 17:41:59.871974+0000
995540724,buy,3e-08,68739.06,2026-04-07 17:42:00.196992+0000
995540726,sell,0.00037206,68739.07,2026-04-07 17:42:00.292740+0000
995540728,sell,2.822e-05,68739.56,2026-04-07 17:42:00.292740+0000
995540725,sell,0.08329175,68739.07,2026-04-07 17:42:00.292740+0000
995540727,sell,0.00364846,68739.56,2026-04-07 17:42:00.292740+0000
995540729,sell,1.7e-05,68740.54,2026-04-07 17:42:00.298947+0000
995540730,sell,1.7e-05,68743.88,2026-04-07 17:42:00.384672+0000
995540731,sell,2.3e-07,68746.3,2026-04-07 17:42:00.592388+0000
995540732,sell,2.3e-07,68746.31,2026-04-07 17:42:00.592388+0000
995540733,sell,2.3e-07,68746.32,2026-04-07 17:42:00.592388+0000
995540734,sell,1.7e-05,68747.22,2026-04-07 17:42:00.623703+0000
995540735,sell,2.3e-07,68749.27,2026-04-07 17:42:00.623703+0000
995540736,sell,2.3e-07,68749.29,2026-04-07 17:42:00.623703+0000
995540738,sell,1.6e-05,68750.56,2026-04-07 17:42:00.623796+0000
995540737,sell,0.01,68750.0,2026-04-07 17:42:00.623796+0000
995540739,buy,9e-08,68753.84,2026-04-07 17:42:00.640279+0000
995540740,sell,1.6e-05,68753.9,2026-04-07 17:42:00.710478+0000
995540741,sell,2.3e-07,68754.61,2026-04-07 17:42:00.710478+0000
995540742,sell,2.3e-07,68754.62,2026-04-07 17:42:00.710478+0000
995540743,sell,2.3e-07,68754.63,2026-04-07 17:42:00.710478+0000
995540744,sell,2.3e-07,68756.45,2026-04-07 17:42:00.783606+0000
995540745,sell,2.3e-07,68756.46,2026-04-07 17:42:00.783606+0000
995540746,sell,2.3e-07,68756.47,2026-04-07 17:42:00.783606+0000
995540747,sell,1.6e-05,68757.24,2026-04-07 17:42:00.783606+0000
995540749,sell,0.000148,68760.58,2026-04-07 17:42:00.862714+0000
995540748,sell,1.6e-05,68760.58,2026-04-07 17:42:00.862714+0000
995540750,sell,0.003195,68760.58,2026-04-07 17:42:00.893899+0000
995540751,sell,1e-07,68760.58,2026-04-07 17:42:00.946338+0000
995540752,buy,3e-08,68760.57,2026-04-07 17:42:01.051982+0000
995540753,buy,1.1e-07,68761.05,2026-04-07 17:42:01.352767+0000
995540754,sell,0.02,68761.06,2026-04-07 17:42:01.485637+0000
995540755,sell,0.00036358,68761.06,2026-04-07 17:42:01.485637+0000
995540756,buy,3e-08,68763.9,2026-04-07 17:42:01.592686+0000
995540757,buy,2e-08,68763.91,2026-04-07 17:42:02.082061+0000
995540758,sell,1.6e-05,68763.92,2026-04-07 17:42:02.470474+0000
995540759,buy,4e-08,68767.01,2026-04-07 17:42:02.554749+0000
995540761,buy,0.00063718,68767.24,2026-04-07 17:42:02.576764+0000
995540760,buy,0.0175,68767.24,2026-04-07 17:42:02.576764+0000
995540762,sell,1.6e-05,68767.26,2026-04-07 17:42:02.705094+0000
995540763,sell,1e-07,68770.45,2026-04-07 17:42:02.876624+0000
995540764,buy,4e-08,68770.44,2026-04-07 17:42:03.036994+0000
995540765,sell,1.6e-05,68770.6,2026-04-07 17:42:03.399696+0000
995540766,sell,0.00136413,68770.6,2026-04-07 17:42:03.399696+0000
995540767,buy,8e-08,68770.59,2026-04-07 17:42:03.591109+0000
995540768,buy,3e-08,68770.59,2026-04-07 17:42:04.079342+0000
995540772,sell,2.816e-05,68771.64,2026-04-07 17:42:04.285080+0000
995540770,sell,0.00020502,68770.6,2026-04-07 17:42:04.285080+0000
995540769,sell,0.00125627,68770.6,2026-04-07 17:42:04.285080+0000
995540771,sell,0.01454088,68771.64,2026-04-07 17:42:04.285080+0000
995540773,buy,1.1e-07,68773.92,2026-04-07 17:42:04.540244+0000
995540774,sell,1e-07,68773.93,2026-04-07 17:42:04.569976+0000
995540775,buy,0.00613061,68773.92,2026-04-07 17:42:04.682697+0000
995540776,buy,0.00236821,68773.92,2026-04-07 17:42:04.682697+0000
995540777,buy,0.00613061,68773.92,2026-04-07 17:42:04.682697+0000
995540778,buy,0.00395137,68773.92,2026-04-07 17:42:04.682697+0000
995540779,buy,0.00594164,68773.92,2026-04-07 17:42:04.682697+0000
995540780,buy,0.00234127,68773.92,2026-04-07 17:42:04.682697+0000
995540781,buy,0.15106558,68772.89,2026-04-07 17:42:04.700721+0000
995540782,buy,0.00583179,68772.89,2026-04-07 17:42:04.701009+0000
995540783,buy,0.00176204,68772.89,2026-04-07 17:42:04.701751+0000
995540784,buy,0.00715684,68772.89,2026-04-07 17:42:04.701930+0000
995540785,buy,0.02745643,68772.89,2026-04-07 17:42:04.702345+0000
995540786,buy,0.00889167,68772.89,2026-04-07 17:42:04.702666+0000
995540787,buy,0.00245482,68772.89,2026-04-07 17:42:04.703109+0000
995540788,buy,0.00288,68772.89,2026-04-07 17:42:04.704783+0000
995540789,buy,0.01203858,68772.89,2026-04-07 17:42:04.704869+0000
995540790,buy,0.01669727,68772.89,2026-04-07 17:42:04.705039+0000
995540791,buy,0.00839334,68772.89,2026-04-07 17:42:04.709189+0000
995540792,buy,0.00763663,68772.89,2026-04-07 17:42:04.709878+0000
995540793,buy,0.00387161,68772.89,2026-04-07 17:42:04.713041+0000
995540794,buy,0.00592693,68772.89,2026-04-07 17:42:04.720968+0000
995540795,buy,0.00187517,68772.89,2026-04-07 17:42:04.726828+0000
995540796,buy,0.00260027,68772.89,2026-04-07 17:42:04.730436+0000
995540797,buy,0.00173236,68772.89,2026-04-07 17:42:04.733943+0000
995540798,buy,0.00479337,68772.89,2026-04-07 17:42:04.739952+0000
995540799,buy,0.00543795,68772.89,2026-04-07 17:42:04.746817+0000
995540800,buy,0.00128325,68772.89,2026-04-07 17:42:04.748144+0000
995540801,buy,0.00150649,68772.89,2026-04-07 17:42:04.750491+0000
995540802,buy,0.00797764,68772.89,2026-04-07 17:42:04.757995+0000
995540803,buy,0.00102095,68772.89,2026-04-07 17:42:04.759421+0000
995540804,buy,0.01873697,68772.89,2026-04-07 17:42:04.801690+0000
995540805,buy,0.00236182,68772.89,2026-04-07 17:42:04.805183+0000
995540806,buy,0.00106364,68772.89,2026-04-07 17:42:04.806510+0000
995540807,buy,0.00200359,68772.89,2026-04-07 17:42:04.809320+0000
995540808,buy,0.00094627,68772.89,2026-04-07 17:42:04.810640+0000
995540809,buy,0.00101539,68772.89,2026-04-07 17:42:04.812123+0000
995540810,buy,0.00137072,68772.89,2026-04-07 17:42:04.813902+0000
995540811,buy,0.00096739,68772.89,2026-04-07 17:42:04.815231+0000
995540812,buy,0.00174472,68772.89,2026-04-07 17:42:04.817675+0000
995540813,buy,0.00097054,68772.89,2026-04-07 17:42:04.822267+0000
995540814,buy,0.00247181,68772.89,2026-04-07 17:42:04.822454+0000
995540815,buy,0.00151417,68772.89,2026-04-07 17:42:04.824587+0000
995540816,buy,0.00904716,68772.89,2026-04-07 17:42:04.913324+0000
995540817,buy,0.00258823,68772.89,2026-04-07 17:42:04.916941+0000
995540818,buy,0.00254139,68772.89,2026-04-07 17:42:04.920239+0000
995540819,buy,0.00167321,68772.89,2026-04-07 17:42:04.922956+0000
995540820,buy,0.00498144,68772.89,2026-04-07 17:42:04.929223+0000
995540821,buy,0.00127603,68772.89,2026-04-07 17:42:04.930954+0000
995540822,buy,0.0025498,68772.89,2026-04-07 17:42:04.934505+0000
995540823,buy,0.00390081,68772.89,2026-04-07 17:42:04.940469+0000
995540824,buy,0.00157295,68772.89,2026-04-07 17:42:04.942162+0000
995540825,buy,0.00148206,68772.89,2026-04-07 17:42:04.944297+0000
995540826,buy,1.6e-07,68772.89,2026-04-07 17:42:05.006018+0000
995540827,sell,0.0001404,68772.9,2026-04-07 17:42:05.036674+0000
995540828,buy,6e-08,68772.89,2026-04-07 17:42:05.436288+0000
995540829,buy,6e-08,68772.89,2026-04-07 17:42:05.836548+0000
995540830,buy,0.15553789,68772.89,2026-04-07 17:42:06.190691+0000
995540831,buy,2e-08,68772.89,2026-04-07 17:42:06.349182+0000
995540832,sell,1e-07,68772.9,2026-04-07 17:42:06.553315+0000
995540833,buy,8e-08,68772.89,2026-04-07 17:42:06.772327+0000
995540834,sell,0.00014474,68772.9,2026-04-07 17:42:06.847521+0000
995540835,sell,8.026e-05,68772.9,2026-04-07 17:42:06.847521+0000
995540836,buy,3e-08,68772.89,2026-04-07 17:42:07.198397+0000
995540837,buy,5e-08,68772.89,2026-04-07 17:42:07.717356+0000
995540838,buy,0.00029372,68772.89,2026-04-07 17:42:07.726171+0000
995540839,sell,0.000344,68772.9,2026-04-07 17:42:08.034051+0000
995540840,buy,2e-08,68772.89,2026-04-07 17:42:08.086388+0000
995540841,sell,1e-07,68772.9,2026-04-07 17:42:08.241996+0000
995540842,buy,2e-08,68772.89,2026-04-07 17:42:08.537033+0000
995540843,buy,3e-08,68772.89,2026-04-07 17:42:08.966169+0000
995540844,buy,4.641e-05,68772.89,2026-04-07 17:42:09.090030+0000
995540857,sell,0.41082871,68777.28,2026-04-07 17:42:09.164859+0000
995540856,sell,1.6e-05,68777.28,2026-04-07 17:42:09.164859+0000
995540855,sell,0.0727,68776.92,2026-04-07 17:42:09.164859+0000
995540854,sell,0.01017842,68775.31,2026-04-07 17:42:09.164859+0000
995540853,sell,0.02181283,68775.27,2026-04-07 17:42:09.164859+0000
995540852,sell,0.00899999,68774.13,2026-04-07 17:42:09.164859+0000
995540850,sell,1.6e-05,68773.94,2026-04-07 17:42:09.164859+0000
995540849,sell,0.00011269,68773.69,2026-04-07 17:42:09.164859+0000
995540848,sell,0.08724266,68773.69,2026-04-07 17:42:09.164859+0000
995540847,sell,0.00030615,68772.9,2026-04-07 17:42:09.164859+0000
995540846,sell,0.00021327,68772.9,2026-04-07 17:42:09.164859+0000
995540845,sell,0.00165458,68772.9,2026-04-07 17:42:09.164859+0000
995540851,sell,0.01454039,68773.94,2026-04-07 17:42:09.164859+0000
995540858,buy,1.2e-07,68774.99,2026-04-07 17:42:09.402749+0000
995540859,buy,2e-08,68774.99,2026-04-07 17:42:09.810545+0000
995540860,sell,1e-07,68775.0,2026-04-07 17:42:09.913342+0000
995540861,sell,0.000122,68775.0,2026-04-07 17:42:10.133503+0000
995540862,buy,1.1e-07,68774.99,2026-04-07 17:42:10.284210+0000
995540866,sell,2.821e-05,68775.01,2026-04-07 17:42:10.374784+0000
995540863,sell,0.00710795,68775.0,2026-04-07 17:42:10.374784+0000
995540864,sell,0.00019113,68775.0,2026-04-07 17:42:10.374784+0000
995540865,sell,2.3e-07,68775.01,2026-04-07 17:42:10.374784+0000
995540867,sell,0.0554184,68775.9,2026-04-07 17:42:10.388913+0000
995540868,sell,0.03182146,68775.9,2026-04-07 17:42:10.389135+0000
995540869,buy,0.0029372,68776.5,2026-04-07 17:42:10.646146+0000
995540870,buy,0.00495365,68776.5,2026-04-07 17:42:10.733190+0000
995540871,buy,0.01454007,68775.46,2026-04-07 17:42:10.734514+0000
995540872,buy,3e-08,68773.49,2026-04-07 17:42:10.743996+0000
995540873,sell,0.00481406,68773.5,2026-04-07 17:42:11.332558+0000
995540874,buy,0.00058744,68775.35,2026-04-07 17:42:11.361488+0000
995540875,sell,0.000335,68775.36,2026-04-07 17:42:11.372447+0000
995540876,buy,3e-08,68775.35,2026-04-07 17:42:11.397129+0000
995540877,sell,1e-07,68775.36,2026-04-07 17:42:11.669272+0000
995540878,buy,7e-08,68775.35,2026-04-07 17:42:11.858304+0000
995540879,buy,0.00330237,68775.35,2026-04-07 17:42:12.264950+0000
995540880,buy,0.0336184,68775.35,2026-04-07 17:42:12.264950+0000
995540881,buy,0.07498841,68774.46,2026-04-07 17:42:12.267249+0000
995540882,buy,0.00775398,68774.46,2026-04-07 17:42:12.269090+0000
995540883,buy,0.01949505,68774.46,2026-04-07 17:42:12.269340+0000
995540884,buy,0.00267033,68774.46,2026-04-07 17:42:12.269343+0000
995540885,buy,0.00474785,68774.46,2026-04-07 17:42:12.269682+0000
995540886,buy,0.01721312,68774.46,2026-04-07 17:42:12.270914+0000
995540887,buy,0.0045067,68774.46,2026-04-07 17:42:12.271017+0000
995540888,buy,0.03131529,68774.46,2026-04-07 17:42:12.272933+0000
995540889,buy,0.01054252,68774.46,2026-04-07 17:42:12.275365+0000
995540890,buy,0.00160583,68774.46,2026-04-07 17:42:12.275613+0000
995540891,buy,0.00821294,68774.46,2026-04-07 17:42:12.278922+0000
995540892,buy,0.01651993,68774.46,2026-04-07 17:42:12.279174+0000
995540893,sell,0.00035326,68774.47,2026-04-07 17:42:12.302507+0000
995540894,buy,0.00401811,68774.46,2026-04-07 17:42:12.307105+0000
995540895,buy,0.00640359,68774.46,2026-04-07 17:42:12.315188+0000
995540896,buy,0.00240662,68774.46,2026-04-07 17:42:12.318446+0000
995540897,buy,0.006297,68774.46,2026-04-07 17:42:12.327184+0000
995540898,buy,0.00175293,68774.46,2026-04-07 17:42:12.329784+0000
995540899,buy,0.00216671,68774.46,2026-04-07 17:42:12.332725+0000
995540900,buy,0.02312017,68774.46,2026-04-07 17:42:12.334222+0000
995540901,buy,0.01601917,68774.46,2026-04-07 17:42:12.334786+0000
995540902,buy,0.00465018,68774.46,2026-04-07 17:42:12.334845+0000
995540903,buy,3e-08,68774.46,2026-04-07 17:42:12.334848+0000
995540904,buy,0.00196171,68774.46,2026-04-07 17:42:12.338808+0000
995540905,buy,0.00183191,68774.46,2026-04-07 17:42:12.345862+0000
995540906,buy,0.02249588,68774.46,2026-04-07 17:42:12.488940+0000
995540907,buy,0.03384836,68774.46,2026-04-07 17:42:12.523958+0000
995540908,buy,0.00318731,68774.46,2026-04-07 17:42:12.527782+0000
995540909,buy,0.00234893,68774.46,2026-04-07 17:42:12.531112+0000
995540910,buy,0.00250442,68774.46,2026-04-07 17:42:12.534899+0000
995540911,buy,0.00269633,68774.46,2026-04-07 17:42:12.538404+0000
995540912,buy,0.00911687,68774.46,2026-04-07 17:42:12.550909+0000
995540913,buy,0.0018396,68774.46,2026-04-07 17:42:12.552983+0000
995540914,buy,0.00217062,68774.46,2026-04-07 17:42:12.556417+0000
995540915,buy,0.0241942,68774.46,2026-04-07 17:42:12.589399+0000
995540916,buy,0.00770903,68774.46,2026-04-07 17:42:12.602668+0000
995540917,buy,0.00108634,68774.46,2026-04-07 17:42:12.604716+0000
995540918,buy,0.05726597,68774.46,2026-04-07 17:42:12.682999+0000
995540919,buy,0.00548637,68774.46,2026-04-07 17:42:12.690995+0000
995540920,buy,0.00277242,68774.46,2026-04-07 17:42:12.694056+0000
995540921,buy,0.00154337,68774.46,2026-04-07 17:42:12.696170+0000
995540922,buy,0.04387339,68774.46,2026-04-07 17:42:12.757159+0000
995540923,buy,1.2e-07,68774.46,2026-04-07 17:42:12.791700+0000
995540924,buy,0.02519787,68774.46,2026-04-07 17:42:12.791875+0000
995540925,buy,0.01781473,68774.46,2026-04-07 17:42:12.816094+0000
995540926,buy,0.0347782,68774.46,2026-04-07 17:42:12.863492+0000
995540927,buy,0.02066453,68774.46,2026-04-07 17:42:12.891966+0000
995540928,buy,0.02556729,68774.46,2026-04-07 17:42:12.942360+0000
995540929,buy,0.002665,68774.46,2026-04-07 17:42:12.945854+0000
995540930,buy,0.00184195,68774.46,2026-04-07 17:42:12.948581+0000
995540931,buy,0.00319229,68774.46,2026-04-07 17:42:12.952559+0000
995540932,buy,0.02929186,68774.46,2026-04-07 17:42:12.992955+0000
995540933,buy,0.00252649,68774.46,2026-04-07 17:42:12.996152+0000
995540934,buy,0.00104555,68774.46,2026-04-07 17:42:12.997437+0000
995540935,buy,0.00222917,68774.46,2026-04-07 17:42:13.001135+0000
995540936,buy,0.03293868,68774.46,2026-04-07 17:42:13.046176+0000
995540937,buy,0.00439991,68774.46,2026-04-07 17:42:13.052139+0000
995540938,buy,0.00112405,68774.46,2026-04-07 17:42:13.054106+0000
995540939,buy,0.028941,68774.46,2026-04-07 17:42:13.093787+0000
995540940,buy,0.0144371,68774.46,2026-04-07 17:42:13.115320+0000
995540941,buy,0.00365539,68774.46,2026-04-07 17:42:13.118834+0000
995540942,buy,0.00145189,68774.46,2026-04-07 17:42:13.120434+0000
995540943,buy,0.01156726,68774.46,2026-04-07 17:42:13.122466+0000
995540944,buy,0.01677943,68774.46,2026-04-07 17:42:13.123774+0000
995540945,buy,0.01365667,68774.46,2026-04-07 17:42:13.124241+0000
995540946,buy,0.01284636,68774.46,2026-04-07 17:42:13.124332+0000
995540947,buy,0.00538876,68774.46,2026-04-07 17:42:13.126935+0000
995540948,buy,0.00126567,68774.46,2026-04-07 17:42:13.127027+0000
995540949,buy,0.00103083,68774.46,2026-04-07 17:42:13.128306+0000
995540950,buy,0.00121893,68774.46,2026-04-07 17:42:13.130545+0000
995540951,buy,0.02235101,68774.46,2026-04-07 17:42:13.186592+0000
995540952,buy,8e-08,68774.46,2026-04-07 17:42:13.188893+0000
995540953,buy,0.0014871,68774.46,2026-04-07 17:42:13.195131+0000
995540954,buy,0.00479691,68774.46,2026-04-07 17:42:13.195510+0000
995540955,buy,0.03649089,68774.46,2026-04-07 17:42:13.218179+0000
